3054 3806
1307 86 1602 158 -'11›—

269 259 411 307 secuti
440 262 591 304 essent
623 255 944 302 examinaverit.
993 255 1074 300 Cui
1103 254 1169 300 rei
1196 253 1440 311 proximum
1472 258 1539 298 est
1563 253 1626 307 id,
1665 253 1782 310 quod
1811 253 1948 297 altero
1979 252 2075 296 loco
2106 251 2525 298 commemorandum
2557 258 2636 305 est,

264 357 352 400 quo
381 339 497 387 unde
529 340 756 385 exordium
776 316 889 384 haec·
915 338 1152 395 disputatio
1181 338 1299 393 cepit
1333 350 1384 380 eo
1406 341 1612 380 recurret.
1647 336 1842 380 Vidimus
1874 337 2000 389 enim,
2034 336 2177 380 studia
2205 336 2251 379 in
2281 335 2448 391 legibus
2480 334 2638 390 quibus

263 416 336 472 ars
365 424 539 483 poetica
569 421 779 468 adstricta
819 428 886 467 est
924 420 1234 479 cognoscendis
1265 419 1424 476 posita,
1468 434 1578 476 quas
1620 419 1737 476 leges
1773 434 1887 464 nunc
1927 420 2098 475 quidem
2136 418 2446 471 „aesthetices“
2481 417 2638 461 finibus

264 507 682 564 comprehendimus,
722 509 827 561 post
865 505 1143 549 Aristotelem
1182 505 1228 548 in
1260 504 1400 560 Lyceo
1431 518 1519 547 non
1557 504 1795 558 evanuisse,
1840 505 1917 548 sed
1948 504 2083 547 fuisse
2120 503 2235 547 inter
2272 502 2523 557 discipulos,
2564 501 2640 557 qui

264 592 487 636 doctorem
519 589 659 633 secuti
688 589 733 632 in
762 595 990 644 poetarum
1029 588 1320 632 scaenicorum
1363 592 1478 629 arte
1517 586 1815 643 cognoscenda
1846 601 2021 643 operam
2061 587 2338 638 collocarent3
2382 600 2468 641 qua
2506 585 2550 627 in
2591 599 2638 628 re

265 674 578 719 Dicaearchum
625 671 983 728 Hieronymus
1040 678 1214 716 secutus
1263 684 1360 715 esse
1408 670 1578 713 videtur
1625 670 1879 721 Rhodius,
1936 677 1983 714 ut
2027 685 2049 713 e
2097 670 2338 726 fragmento
2385 669 2484 712 libri
2536 677 2636 727 περὶ

264 758 609 818 τραγῳδοποιῶν
641 770 668 798 a
699 755 832 798 Suida
862 758 917 810 (v.
952 754 1280 811 Ἀναγυράσιος.
1312 754 1363 796 fr.
1398 753 1457 795 IV
1489 753 1658 809 Hiller.)
1692 759 1861 797 servato
1894 754 2100 798 effeceris.

510 1103 636 1155 Quod
683 1102 855 1146 scholae
902 1105 1027 1147 nobis
1067 1105 1444 1148 coniunctissimae
1483 1105 1595 1148 festo
1646 1105 1727 1157 (lie,
1762 1117 1890 1158 quem
1931 1104 2149 1158 auspicato
2203 1103 2484 1155 celebramus,
2528 1103 2638 1146 hanc

267 1188 540 1244 potissimum
582 1186 819 1243 symbolam
861 1188 1034 1241 damus,
1079 1189 1186 1241 Vos,
1227 1187 1426 1244 Collegae
1461 1189 1744 1241 ornatissimi,
1794 1203 1879 1231 non
1922 1188 2190 1231 mirabimini.
2265 1187 2375 1231 Nam
2423 1202 2475 1230 ex
2523 1188 2638 1231 omni

268 1270 450 1326 antiqua
478 1270 684 1314 memoria
708 1285 868 1326 paucos
898 1278 1072 1326 praeter
1092 1271 1408 1328 Peripateticos
1438 1273 1685 1316 inveneritis
1710 1279 1832 1315 tanta
1861 1278 1951 1315 tam
1976 1272 2149 1327 copiosa
2171 1271 2369 1315 doctrina
2388 1271 2636 1322 instructos,

268 1359 317 1397 ut
348 1369 511 1406 omnes,
554 1354 813 1409 quicumque
849 1355 1046 1410 ingenuis
1086 1355 1238 1398 studiis
1271 1371 1485 1407 vacamus,
1528 1357 1611 1399 sibi
1652 1356 1835 1412 quisque
1879 1355 1992 1411 quod
2033 1356 2073 1397 in
2114 1370 2238 1398 usum
2280 1370 2403 1398 suum
2444 1354 2638 1398 conferat

267 1437 368 1480 inde
404 1451 637 1480 sumamus.
702 1440 843 1492 Atque
884 1443 932 1480 ut
962 1438 1219 1480 Aristoteles
1259 1440 1461 1492 omnium,
1503 1440 1591 1481 sive
1633 1438 1823 1494 antiquis
1865 1439 2021 1481 litteris
2054 1445 2094 1481 et
2131 1439 2336 1482 historiae
2375 1438 2464 1481 sive
2495 1453 2634 1481 rerum

268 1529 450 1564 naturae
493 1527 537 1564 et
576 1521 770 1576 physicis
813 1522 1119 1576 cognoscendis
1157 1522 1254 1575 plus
1294 1537 1451 1576 operae
1491 1524 1798 1578 impendimus,
1840 1530 1886 1565 ut
1927 1524 2144 1577 exemplar
2183 1523 2400 1577 quoddam
2441 1522 2637 1565 omnibus

268 1604 460 1646 numeris
494 1604 741 1647 absolutum
774 1610 872 1647 ante
907 1605 1055 1647 oculos
1095 1605 1318 1647 obversari
1357 1606 1498 1658 debet,
1538 1607 1653 1660 quod
1695 1620 1884 1661 aequare
1925 1607 2060 1661 possit
2099 1621 2236 1657 nemO,
2276 1607 2337 1648 ita
2378 1621 2488 1661 quae
2529 1606 2637 1648 duce

268 1687 343 1731 illo
367 1692 411 1732 et
434 1687 609 1743 auspice
643 1688 840 1743 discipuli
873 1704 950 1731 suo
983 1687 1166 1743 quisque
1197 1689 1292 1731 loco
1324 1705 1403 1743 pro
1436 1690 1604 1743 ingenio
1639 1697 1680 1732 et
1713 1691 1875 1732 viribus
1911 1691 2038 1733 variis
2072 1692 2115 1732 in
2145 1691 2274 1733 rebus
2298 1692 2635 1743 elaboraverant,

271 1786 369 1814 cum
402 1778 611 1827 quantum
643 1773 725 1815 hac
756 1772 824 1813 via
853 1771 968 1814 effici
998 1772 1138 1825 possit
1175 1773 1410 1815 clarissime
1453 1774 1853 1819 demonstraverint.
1898 1775 2049 1816 mirum
2082 1783 2284 1828 quantum
2318 1783 2365 1816 ut
2396 1775 2451 1816 ad
2484 1775 2639 1816 similia

272 1856 500 1898 tendamus
554 1855 847 1898 cohortantur.
929 1855 1022 1905 Quo
1076 1856 1180 1910 quid
1231 1857 1452 1910 pulchrius
1501 1863 1575 1898 aut
1622 1858 1884 1899 fructuosius
1932 1859 2145 1909 omnibus,
2200 1860 2355 1912 quibus
2407 1860 2638 1901 iuventutis

271 1939 566 1982 instituendae
606 1954 710 1982 cura
740 1939 946 1981 mandata
987 1946 1066 1992 est,
1107 1940 1377 1995 propositum
1410 1955 1506 1982 esse
1538 1943 1713 1996 potest?
1765 1941 1832 1983 Sic
1865 1942 1996 1984 Vobis·
2030 1956 2139 1996 quae
2179 1943 2411 1998 paravistis
2445 1944 2556 1984 bona
2592 1950 2640 1984 ut

273 2024 553 2078 gratulamur,
586 2025 649 2064 ita
680 2029 808 2078 parta
838 2030 886 2064 ut
918 2024 1122 2064 tueamini
1154 2036 1322 2078 semper
1354 2030 1396 2065 et
1427 2026 1622 2078 augeatis
1655 2026 1786 2067 etiam
1820 2031 1949 2079 atque
1984 2026 2108 2067 etiam
2142 2031 2354 2081 optamus.
2413 2026 2576 2068 Valete.

1179 3045 1197 3062 Ι

911 3191 961 3220 Ex
980 3192 1116 3222 officina
1134 3193 1346 3228 Amplissimi
1365 3194 1512 3222 Senatus
1533 3195 1567 3221 et
1586 3194 1725 3222 Ioannei
1745 3192 2004 3221 Meissneriana.
