3054 3806
263 273 413 332 Ῥήσου
445 271 604 331 γράφει
634 272 748 316 κατά
780 275 901 324 λέξιν
933 271 1069 325 οἷῖτως
1107 278 1355 327 sequantur,
1397 273 1496 315 inde
1538 287 1565 315 a
1594 287 1722 315 versu
1758 275 1838 317 νῦν
1868 271 2105 332 micam-01·
2136 282 2294 330 φέγγος
2325 271 2351 329 ἧ
2382 274 2643 332 διφριξλαιος

268 368 406 410 usque
459 354 514 396 ad
566 353 762 396 ultimum
815 355 994 398 alterius
1047 358 1123 413 qui
1173 357 1233 399 ibi
1285 355 1466 398 affertur
1518 357 1684 412 prologi
1736 368 1908 398 versum
1963 354 2212 411 (Πριάμου,
2267 358 2349 413 βίᾳ
2405 348 2643 413 π’ρόρριζον

272 441 644 497 {nemausam-3¹9.
685 451 708 478 e
748 437 1013 482 Dicaearcho
1054 442 1251 483 derivata
1289 454 1384 482 esse
1426 446 1643 482 censeant.
1718 440 1801 482 Sed
1842 436 2052 484 erravisse
2085 434 2396 478 Kirchhoffium
2438 441 2642 490 recteque

270 518 585 573 Nauckium‚
628 522 697 564 Ar.
731 521 847 578 Byz.‚
887 539 926 581 p.
959 527 1063 574 254,
1106 531 1151 567 et
1188 524 1298 567 Val.
1331 525 1586 579 Roseum‚
1628 525 1700 567 Ar.
1734 538 1813 580 ps„
1855 538 1896 579 p.
1935 525 2032 574 556,
2073 519 2364 564 Dicaearchea
2402 533 2490 562 non
2530 518 2644 562 ultra

265 606 406 661 ipsum
428 605 548 647 illum
570 619 743 648 versum
777 611 860 654 νῦν
897 607 1139 667 ev‘oe‘t'ayrov
1170 618 1328 666 φέγγος
1359 608 1387 667 ἤ
1418 611 1679 669 ὁιφρή),ατος
1711 610 1967 659 extendisse,
2002 620 2142 662 pauca
2163 605 2379 661 quaedam
2401 605 2642 659 reputanti-

266 689 348 731 bus
382 688 622 744 apparebit.
688 691 749 732 Ac
780 690 963 753 primum
1005 690 1192 745 quidem,
1239 691 1274 733 si
1308 691 1440 734 verba
1477 691 1521 733 in
1554 691 1744 736 editione
1776 690 2100 735 Kirchhoffiana
2140 694 2256 733 recte
2289 688 2495 731 distincta
2527 692 2640 741 sunt,

268 772 323 815 ad
356 773 653 816 commentarii
685 774 906 817 cuiusdam
930 775 1068 817 instar
1091 774 1221 817 Rhesi
1251 774 1513 830 hypothesin
1534 775 1825 819 Dicaearchus
1849 775 2185 819 conformavisse
2218 772 2531 815 existimandus
2560 777 2641 825 est,

266 856 329 898 ita
360 861 408 898 ut
438 870 566 898 versu
598 859 679 902 νῦν
709 856 948 915 siloam-ov
979 863 1068 904 κτλ.
1109 859 1153 900 in
1194 859 1395 900 lemmate
1428 859 1554 911 quasi
1586 860 1727 913 posito
1770 874 1822 902 ea
1860 874 1971 913 quae
2013 863 2253 913 sequuntur
2292 856 2484 906 adderet,
2525 854 2643 909 quod

267 939 337 980 vix
379 939 606 994 quisquam
650 964 707 969 —
747 953 799 981 ne
842 953 892 982 ex
935 954 1081 983 eorum
1125 940 1299 996 quidem
1340 955 1531 994 numero,
1576 943 1648 998 qui
1681 942 1945 985 didascalica
1985 947 2027 984 et
2058 941 2266 984 historica
2297 953 2425 995 quam
2458 938 2641 994 plurima

267 1022 313 1065 in
361 1023 623 1079 argumentis
673 1024 765 1066 eius
811 1024 987 1069 infuisse
1036 1026 1287 1069 existimant
1328 1051 1384 1057 —
1423 1027 1696 1070 concesserit.
1768 1027 1891 1069 Adde
1939 1026 2054 1081 quod
2101 1025 2246 1080 ipsum
2292 1023 2398 1067 illud
2447 1022 2640 1066 eiusdem

266 1106 453 1158 fabulae,
496 1122 637 1162 neque
678 1108 906 1151 admodum
949 1109 1104 1152 ceteris
1146 1111 1422 1164 praestantis,
1457 1111 1749 1165 exemplorum
1787 1111 1899 1152 inter
1940 1124 1985 1151 se
2019 1108 2374 1152 conferendorum
2406 1107 2639 1161 negotium,

268 1195 316 1232 ut
347 1189 618 1245 grammatici
650 1196 716 1232 est
748 1190 1106 1234 bibliothecarum
1147 1192 1193 1234 in
1234 1192 1388 1235 umbra
1420 1193 1566 1247 copias
1608 1200 1834 1249 congestas
1875 1194 2164 1248 depascentis,
2209 1192 2271 1233 ita
2308 1191 2352 1232 in
2392 1190 2536 1245 quarti
2574 1189 2641 1231 vel

265 1273 381 1316 tertii
424 1288 463 1317 a.
509 1273 605 1316 Chr.
648 1289 688 1316 n.
735 1274 895 1317 saeculi
934 1274 1149 1317 hominem
1182 1275 1519 1330 Peripateticum
1561 1291 1587 1319 a
1625 1278 1718 1321 luce
1752 1278 1910 1321 forensi
1949 1292 2034 1319 non
2072 1277 2257 1319 alienum
2297 1279 2341 1316 et
2371 1272 2639 1328 gravioribus

267 1357 398 1399 rebus
431 1356 710 1412 explorandis
738 1357 947 1400 intentum
982 1383 1039 1388 —-
1072 1363 1120 1401 ut
1141 1358 1308 1414 copiam
1330 1358 1537 1401 librorum
1560 1361 1666 1403 satis
1688 1361 1876 1415 amplam
1899 1361 1938 1402 ei
1961 1359 2302 1415 suppeditavisse
2322 1356 2558 1411 largiamur
2581 1381 2635 1387 —

268 1440 441 1483 minime
470 1440 597 1483 cadit.
655 1439 749 1490 Qua
779 1455 873 1483 cum
905 1455 950 1482 re
980 1443 1193 1484 artissime
1225 1443 1440 1495 cohaeret,
1472 1445 1588 1497 quod
1616 1446 1758 1499 ipsum
1783 1445 1889 1487 illud
1913 1461 1948 1487 v,
1973 1444 2258 1500 αἰτίγραφον,
2289 1441 2406 1496 quod
2432 1441 2476 1482 in
2506 1439 2637 1482 Rhesi

268 1529 524 1579 argumento
556 1525 724 1578 legitur,
760 1529 803 1566 et
832 1524 1098 1579 temporibus
1128 1527 1418 1581 grammaticis
1448 1528 1753 1570 Alexandrinis
1787 1527 2079 1582 superioribus
2111 1538 2210 1566 raro
2241 1525 2439 1576 occurrit,
2474 1529 2529 1575 et,
2562 1524 2636 1566 ubi

266 1606 435 1661 legitur,
466 1621 565 1656 non,
598 1612 646 1648 ut
669 1606 842 1649 illorum
866 1614 909 1649 et
932 1622 984 1650 ea
1011 1623 1120 1662 quae
1145 1617 1295 1652 secuta
1323 1624 1397 1652 eos
1424 1616 1492 1652 est
1517 1617 1673 1662 aetate,
1707 1612 1760 1653 de
1785 1611 1980 1666 quolibet
2010 1608 2263 1662 antiquioris
2286 1608 2507 1650 cuiusdam
2536 1607 2635 1649 libri

268 1692 477 1746 exemplo,
511 1692 587 1734 sed
622 1717 674 1721 —
710 1697 757 1733 ut
788 1692 831 1732 in
864 1692 1140 1746 inscriptione
1174 1693 1217 1734 C.
1252 1695 1284 1736 Ι.
1318 1696 1367 1736 A.
1401 1696 1434 1748 1,
1468 1711 1508 1750 p.
1534 1699 1619 1737 433
1654 1697 1773 1750 (anni
1805 1711 1842 1738 a.
1875 1695 1973 1737 Chr.
2007 1709 2046 1735 n.
2072 1695 2188 1747 407),
2222 1693 2275 1734 de
2308 1707 2395 1747 qua
2426 1691 2634 1734 videndus

267 1777 665 1821 Gardthausen.
701 1775 790 1817 Pal.
825 1777 910 1827 Gr.,
945 1792 985 1830 p.
1012 1780 1080 1827 25,
1115 1783 1158 1819 et
1185 1779 1300 1831 apud
1324 1786 1520 1821 oratores
1543 1781 1711 1822 Atticos
1745 1781 1815 1836 (cs.
1839 1780 1945 1822 Poll.
1970 1777 2081 1827 VIII,
2107 1778 2179 1830 27)
2212 1801 2270 1807 -
2302 1776 2364 1819 ita
2391 1776 2633 1828 adhibetur,

266 1868 312 1903 ut
352 1860 496 1903 libro
538 1859 604 1901 vel
647 1859 855 1914 scripto
895 1862 1121 1904 cuilibet
1168 1864 1229 1904 ab
1277 1863 1520 1906 auctoris
1568 1878 1720 1906 manu
1768 1869 1996 1907 exarato
2039 1861 2405 1914 opponatur¹).
2469 1859 2632 1915 Neque,

266 1951 315 1986 ut
346 1946 475 1987 tertio
515 1945 610 1986 loco
652 1944 835 1985 alterum
875 1946 1092 1998 proferam
1131 1952 1429 2001 argumentum
1462 1960 1485 1987 e
1518 1947 1744 1989 verborum
1785 1962 1865 1990 usu
1904 1947 2098 2001 petitum,
2140 1956 2191 1984 ea
2224 1957 2261 1985 v,
2296 1944 2431 1996 πεζά
2443 1963 2461 1996 ς
2499 1944 2633 1996 notio,

267 2043 379 2082 quae
426 2028 571 2070 ieiuna
613 2025 824 2081 significat
870 2033 913 2068 et
954 2038 1179 2081 poetarum
1226 2029 1376 2072 afflatu
1418 2029 1562 2072 divino
1603 2031 1780 2085 indigna
1828 2030 2057 2086 (πρόλογος
2097 2025 2262 2077 πεζός
2301 2024 2422 2070 πάνυ
2462 2035 2535 2069 καῖ
2579 2023 2639 2071 ου’

264 2121 452 2170 πρέπων
482 2110 739 2176 stipanda),
783 2124 867 2165 qua
899 2111 1074 2154 notione
1114 2112 1213 2155 inde
1246 2112 1299 2156 ab
1332 2113 1722 2158 Alexandrinorum
1755 2111 2022 2168 temporibus
2054 2107 2191 2159 (velut
2225 2106 2356 2151 schol.
2390 2108 2425 2149 A
2458 2112 2500 2151 B
2533 2110 2634 2160 252,

264 2194 315 2236 cf.
353 2193 543 2244 Lucian.‚
578 2207 742 2236 conscr.
776 2195 873 2238 hist.
910 2209 943 2238 c.
980 2199 1018 2238 S.
1060 2198 1130 2251 16)
1170 2197 1469 2251 adhibebatur,
1511 2199 1719 2255 exemplis
1754 2214 1777 2242 e
1809 2190 2062 2240 Dicaearchi
2093 2196 2234 2234 aetate
2275 2188 2421 2247 petitis
2458 2190 2637 2246 probari

264 2284 420 2333 potest.
468 2278 578 2320 Nam
612 2293 723 2331 quae
756 2294 782 2321 a
815 2279 945 2322 schol.
980 2280 1081 2321 Eur.
1105 2278 1194 2321 Alc.
1221 2286 1305 2323 446
1340 2283 1394 2324 ad
1418 2282 1549 2325 verba
1582 2286 1631 2328 ἐν
1661 2288 1694 2327 τ’
1726 2281 1905 2337 α’λίροις
1938 2276 2084 2333 ἷῖμιιοις
2114 2274 2367 2329 explicanda
2395 2272 2638 2317 afferuntur

265 2362 506 2417 Sophoclea
538 2363 606 2416 (fr.
647 2366 697 2403 15
732 2363 825 2418 D.):
870 2371 943 2406 καὶ
976 2365 1119 2413 πεζά
1158 2373 1231 2407 καὶ
1265 2366 1497 2423 ᾳιορμικτιῖ,
1539 2372 1594 2418 et,
1629 2379 1740 2419 quae
1771 2361 1935 2416 vulgari
1967 2358 2168 2414 loquendi
2209 2357 2364 2399 rationi
2405 2357 2634 2411 debentur,

267 2447 434 2497 πεζαὶ
468 2449 641 2501 ἑταῖραι
677 2447 752 2491 (αἳ
778 2453 905 2502 χωρὶς
937 2443 1130 2505 ὀργάνου
1162 2451 1221 2498 εἰς
1250 2446 1305 2490 ui
1338 2449 1559 2503 συμπόσια
1593 2449 1789 2504 φοιτῶσι)
1831 2445 1932 2499 quia
1964 2448 2118 2486 cantu
2148 2441 2216 2484 vel
2255 2446 2369 2484 arte
2409 2441 2637 2484 canendi

263 2532 411 2568 carent
441 2527 504 2568 ita
535 2526 731 2568 audiunt.

506 2620 625 2671 Quae
667 2635 763 2664 cum
803 2622 865 2664 ita
907 2622 1004 2675 sint,
1043 2623 1087 2664 in
1128 2622 1258 2665 Rhesi
1296 2631 1548 2678 argumento
1589 2627 1733 2668 omnia
1773 2639 1823 2667 eo
1863 2624 2042 2674 ducunt,
2091 2627 2149 2672 ut,
2192 2619 2337 2662 verbis
2378 2620 2633 2663 Dicaearchi

261 2719 359 2747 cum
398 2704 595 2747 Nauckio
637 2710 681 2746 et
724 2705 861 2748 Roseo
902 2720 987 2748 uno
1025 2706 1099 2749 illo
1140 2720 1266 2748 versu
1311 2709 1392 2751 νῦν
1432 2707 1671 2767 ειῖσίληνον
1711 2718 1867 2764 φέγγος
1906 2705 1933 2763 ἦ
1973 2706 2233 2763 ὄιφρῆλαῑος
2274 2705 2541 2757 terminatis,
2584 2719 2637 2747 e&

263 2801 374 2842 quae
404 2792 644 2841 sequuntur
664 2788 942 2841 grammatico
966 2787 1271 2840 Alexandrino,
1304 2789 1378 2842 qui
1399 2789 1553 2831 librum
1579 2791 1671 2831 eius
1697 2791 1741 2831 in
1770 2803 1892 2830 usum
1925 2801 2048 2828 suum
2078 2788 2351 2839 converterit,
2374 2789 2632 2841 tribuamus,

262 2885 389 2926 quem
432 2870 505 2926 qui
538 2870 874 2927 Aristophanem
915 2871 1048 2913 fuisse
1081 2867 1334 2927 Byzantium
1375 2872 1490 2916 dicet
1531 2888 1557 2915 a
1594 2888 1694 2916 vero
1734 2873 1801 2913 vix
1843 2870 2069 2914 aberrabit.
2133 2868 2247 2912 Male
2288 2877 2434 2914 autem
2471 2874 2634 2914 factum

340 3088 365 3131 ¹)
404 3087 454 3123 Ut
484 3088 700 3134 ἁντίγραφος
732 3088 953 3123 adiectivum
986 3088 1084 3133 apud
1115 3088 1394 3133 Lucianum,
1428 3088 1540 3124 Zeux.
1568 3101 1645 3133 cap.
1674 3090 1715 3124 3:
1748 3091 1811 3132 τῆς
1836 3086 1971 3125 εἰκόνος
2002 3085 2133 3130 ταύτης
2165 3087 2449 3132 ἀντίγραφός
2473 3089 2548 3122 ἐστι
2574 3091 2632 3121 νῦν

401 3145 568 3195 Ἀθήνησι,
594 3148 681 3194 πρὸς
705 3148 839 3195 ἐκείνην
865 3146 1008 3193 ἀκριβεῖ
1035 3151 1076 3193 τῆ
1102 3148 1245 3196 στάθμῃ
1270 3150 1564 3195 μετενηνεγμένη·
1591 3148 1631 3182 τὸ
1657 3149 1902 3194 ἀρχέτυπον
1935 3145 1967 3180 ‹5'
1994 3144 2082 3180 αὐτὸ
2108 3143 2240 3186 Σύλλας
2265 3172 2370 3181 .....
2406 3146 2550 3192 ἐλέγετο
2576 3148 2635 3188 εἰς

406 3206 556 3241 Ἰταλίαν
583 3234 686 3241 .....
713 3209 945 3252 πεπομφέναι.

2349 3297 2371 3330 2
