3054 3806
2478 618 2499 638 Ο.

465 750 510 822 Ρ
512 779 862 835 eripateticorum
903 794 956 823 ex
995 781 1094 836 ipsa
1132 782 1288 825 summi
1327 781 1517 825 doctoris
1557 782 1788 837 disciplina
1825 782 2116 837 pendentium,
2158 797 2266 837 quos
2307 782 2361 825 ab
2401 783 2596 827 acumine

221 866 314 908 eius
362 864 567 920 singulari
614 863 915 918 doctrinaque,
956 879 1043 920 qua
1088 879 1158 908 res
1197 880 1327 921 quam
1374 865 1559 908 maxime
1598 866 1712 909 inter
1760 880 1806 908 se
1845 865 2038 908 diversas
2074 866 2327 920 complexus
2375 867 2446 909 ille
2488 872 2595 920 erat,

221 963 307 991 non
355 947 683 1003 degeneravisse
742 952 818 988 aut
864 953 1035 990 constat
1081 955 1157 991 aut
1202 964 1282 1004 pro
1329 950 1536 1001 nominis,
1593 964 1678 1003 quo
1727 950 1844 1003 apud
1892 955 2058 991 veteres
2104 955 2304 1002 utuntur,
2364 951 2596 1005 splendore

222 1037 565 1074 consentaneum
601 1035 679 1080 est,
713 1044 809 1071 cum
841 1033 1091 1085 paucissimi
1123 1033 1299 1087 quidam
1332 1034 1387 1075 ad
1419 1048 1499 1075 nos
1532 1033 1807 1088 pervenerint
1837 1032 1983 1083 libelli,
2015 1039 2159 1075 tamen
2193 1039 2236 1075 et
2268 1048 2399 1090 opera
2432 1049 2593 1087 eorum,

223 1116 295 1170 qui
344 1115 547 1169 dogmata
592 1113 768 1155 inventa
813 1115 977 1156 monita
1022 1115 1377 1172 philosophorum
1423 1116 1616 1170 antiquis
1664 1117 1933 1171 temporibus
1981 1116 2246 1171 collegerunt
2292 1123 2337 1160 et
2381 1117 2496 1160 inter
2549 1131 2595 1161 se

227 1199 515 1248 contulerunt,
549 1203 594 1239 et
625 1196 779 1238 eximio
813 1198 1157 1241 doctissimorum
1189 1207 1362 1242 nostrae
1405 1201 1562 1242 aetatis
1594 1201 1782 1241 virorum
1817 1199 1961 1241 studio
1994 1199 2190 1241 effectum
2223 1206 2301 1251 est,
2335 1205 2383 1242 ut
2415 1201 2594 1254 quibus·

219 1298 319 1325 nam
360 1283 405 1324 in
445 1282 575 1324 rebus
614 1281 860 1335 philosophi
910 1281 1139 1335 Stagiritae
1179 1284 1355 1326 decreta
1404 1284 1657 1326 confirmata
1698 1284 1902 1337 deinceps
1942 1284 2007 1323 vel
2048 1284 2293 1335 immutata,
2334 1298 2404 1326 res
2447 1286 2501 1326 ab
2542 1300 2593 1327 eo

219 1367 406 1409 traditae
447 1365 513 1407 vel
560 1363 681 1407 novis
723 1364 931 1420 exemplis
969 1365 1130 1407 additis
1179 1372 1332 1410 auctae
1372 1368 1440 1410 vel
1489 1368 1532 1410 in
1580 1367 1757 1410 dubium
1805 1373 1982 1409 vocatae
2030 1367 2189 1409 fuerint
2241 1368 2427 1422 quadam
2467 1375 2594 1411 tenus

220 1451 406 1494 iudicari
474 1450 624 1505 possit.
709 1449 776 1491 Ita
822 1463 917 1491 cum
967 1450 1007 1492 in
1059 1450 1296 1494 dialecticis
1345 1451 1533 1508 physicis
1590 1451 1742 1494 ethicis
1797 1465 1917 1506 seges
1963 1451 2227 1508 provenerit.
2283 1466 2371 1506 qua
2416 1452 2595 1496 colenda

219 1535 414 1579 nonnihil
451 1534 494 1576 in
534 1535 627 1577 dies
667 1533 932 1589 proficimus,
974 1534 1070 1576 aliis
1109 1535 1367 1589 quibusdam
1413 1536 1458 1577 in
1503 1535 1654 1588 rebus,
1704 1535 1861 1590 quibus
1909 1534 2021 1576 haud
2071 1535 2211 1577 minus
2253 1549 2382 1589 quam
2421 1537 2464 1578 in
2506 1537 2592 1578 illis

221 1635 434 1664 summum
473 1618 719 1662 Aristotelis
758 1618 972 1674 ingenium
1018 1619 1192 1672 enituit,
1236 1619 1341 1675 quid
1375 1619 1576 1676 discipuli
1623 1635 1644 1662 e
1685 1619 1928 1675 praeceptis
1969 1620 2060 1661 eius
2104 1618 2389 1674 sumpserint,
2438 1620 2592 1674 quidve

221 1692 550 1749 addiderint-iis
584 1708 659 1745 aut
681 1703 958 1754 detraxerint,
993 1704 1094 1758 quia
1124 1704 1249 1758 longe
1284 1704 1451 1747 minora
1473 1704 1711 1759 antiquitus
1743 1704 1868 1747 nobis
1901 1710 1998 1747 sunt
2023 1703 2196 1755 tradita,
2232 1704 2367 1746 densa
2398 1717 2593 1757 pressum

220 1791 332 1833 iacet
363 1787 557 1842 caligine.

463 1871 593 1914 Velut
632 1871 889 1924 quicumque
934 1871 976 1912 in
1024 1871 1153 1913 rebus
1200 1871 1255 1914 ad
1303 1876 1455 1926 poetas
1504 1871 1768 1915 Graecorum
1809 1871 2126 1925 scriptoresque
2173 1871 2488 1926 pertinentibus
2527 1871 2595 1913 vel

219 1961 263 2002 in
310 1958 475 2012 legibus
522 1956 628 2007 illis,
678 1955 734 1997 ad
767 1970 874 2009 quas
917 1954 1110 1997 carmina
1150 1956 1360 2010 exigenda
1400 1956 1497 2009 sint,
1539 1956 1847 2009 cognoscendis
1888 1969 2061 2009 operam
2098 1955 2424 2007 collocavimus,
2468 1968 2595 2010 aegre

219 2043 411 2093 ferimus,
454 2054 506 2082 ex
543 2039 595 2081 iis
634 2054 745 2093 quos
778 2038 1022 2081 Aristotelis
1061 2037 1126 2080 illi
1168 2038 1368 2093 discipuli
1408 2039 1461 2082 de
1507 2039 1560 2082 iis
1599 2039 1728 2082 rebus
1771 2039 2022 2093 scripserint
2061 2039 2184 2083 libris
2218 2045 2390 2095 praeter
2421 2038 2595 2093 paucis-

221 2129 331 2171 sima
383 2124 596 2179 quaedam
651 2130 782 2178 atque
833 2122 962 2164 exilia
1013 2122 1254 2176 fragmenta
1308 2123 1412 2164 nihil
1467 2124 1523 2165 ad
1574 2137 1654 2165 nos
1707 2123 1967 2176 pervenisse.
2065 2123 2119 2166 Et
2172 2124 2383 2177 scripsere
2437 2147 2495 2153 —-
2551 2128 2599 2163 ut

221 2209 494 2253 Heraclidem
543 2208 767 2250 Ponticum
813 2207 1001 2255 mittam,
1050 2206 1244 2259 quamvis
1295 2220 1435 2260 neque
1483 2211 1582 2259 post
1629 2205 1788 2259 Ungeri
1836 2207 2242 2249 commentationem
2290 2206 2418 2259 (Mus.
2460 2204 2597 2247 Rhen.

222 2293 458 2346 XXXVIII,
506 2308 546 2348 p.
598 2295 679 2333 481
736 2293 848 2344 sqq.)
898 2304 949 2331 ex
997 2289 1245 2332 Aristotelis
1295 2290 1453 2332 scholis
1502 2291 1636 2332 multa
1689 2304 1786 2331 eum
1839 2289 2035 2333 hausisse
2086 2290 2330 2345 negaverim
2385 2313 2443 2318 —
2497 2297 2597 2344 neq?

220 2381 442 2435 ποιητικῆς
482 2376 912 2431 Theophrastus,
957 2383 1057 2431 περὶ
1101 2378 1292 2432 ποιητῶν
1330 2374 1567 2416 Phanias
1608 2374 1808 2426 Eresius,
1859 2383 1959 2431 ,κηρὶ
2002 2377 2343 2432 τραγῳδοποιῶν
2385 2371 2598 2414 Aristo·

221 2475 390 2503 xenus
433 2460 712 2512 Tarentinus3
759 2457 932 2512 scripsit
973 2456 1025 2498 de
1065 2457 1222 2499 Alcaeo
1264 2457 1623 2500 Dicaearchus
1665 2455 1929 2507 Messenius,
1978 2456 2090 2498 idem
2140 2463 2239 2513 περὶ
2285 2457 2510 2511 μουσικῶν
2557 2462 2600 2496 et

221 2553 322 2603 περὶ
360 2547 664 2589 Διονυσιακῶν
706 2543 903 2598 α’γοῖνων,
942 2541 1056 2582 idem
1090 2538 1330 2593 τῗποθέσεις
1365 2544 1450 2586 τῶν
1491 2540 1740 2598 Ειῗριπίὸοι·
1783 2548 1856 2583 καῖ
1898 2544 2174 2595 Σοφοκλέης
2209 2540 2387 2594 μύθων,
2431 2539 2515 2593 egit
2557 2547 2599 2581 et

221 2628 274 2669 de
314 2627 491 2669 Homeri
530 2626 668 2668 Iliade
709 2625 921 2680 Aeschylo
962 2626 1228 2667 Anacreonte
1260 2622 1448 2665 Pindaro
1491 2623 1587 2665 aliis
1627 2622 1769 2676 poetis
1809 2626 1852 2663 et
1892 2621 1945 2663 de
1978 2621 2202 2663 comoedia
2234 2620 2598 2664 Chamaeleon

220 2710 503 2763 Heracleota‚
555 2724 682 2764 quem
730 2724 815 2753 non
864 2724 960 2753 esse
1002 2723 1078 2753 cur
1124 2707 1178 2750 ab
1216 2707 1312 2762 ipsa
1352 2706 1599 2749 Aristotelis
1639 2704 1950 2748 consuetudine
1992 2718 2087 2747 cum
2127 2704 2300 2761 Ungero
2342 2705 2599 2748 divellamus

220 2794 306 2836 alio
351 2794 448 2836 loco
497 2793 766 2845 docebimus3
817 2793 992 2848 scripsit
1040 2792 1092 2833 de
1131 2790 1293 2846 griphis
1341 2789 1630 2832 Clearchus
1679 2788 1892 2839 Solensis,
1944 2797 2042 2844 περὶ
2088 2790 2169 2833 τοῦ
2215 2792 2391 2843 γελοίου
2434 2789 2598 2831 Theo-

218 2877 501 2931 phrastus,
544 2877 659 2920 idem
700 2878 752 2919 de
800 2877 1034 2920 comoedia.
1099 2875 1450 2929 Megaclides‚
1492 2874 1566 2927 qui
1607 2874 1659 2915 de
1698 2873 1886 2915 Homero
1929 2869 2120 2924 scripsit,
2164 2885 2267 2912 num
2313 2873 2426 2915 inter
2463 2873 2599 2927 ipsius

221 2961 472 3004 Aristotelis
507 2961 739 3017 discipulos
771 2961 1061 3004 numerandus
1093 2960 1150 3003 sit
1181 2974 1267 3022 pon
1299 2964 1486 3000 constat.

461 3045 545 3088 Tot
590 3051 809 3088 tantorum
856 3045 1044 3087 virorum
1092 3043 1214 3086 libris
1263 3042 1499 3097 deperditis
1547 3040 1716 3096 qualem
1764 3040 1975 3081 iacturam
2022 3037 2251 3080 fecerimus
2296 3064 2351 3069 —
2391 3045 2599 3093 quantum

221 3127 336 3170 enim
378 3128 498 3180 lucis,
540 3134 589 3171 ut
630 3130 825 3185 exemplo
865 3134 975 3182 utar,
1016 3127 1305 3182 Theophrasti
1345 3141 1415 3169 ars
1456 3125 1625 3180 poetica
1665 3124 1775 3166 libro
1816 3123 2067 3165 Aristotelio
2107 3121 2260 3166 afferre
2307 3128 2479 3177 poterat
2529 3149 2596 3173 -,

2319 3226 2372 3260 1*
