3054 3806
330 214 410 263 est,
452 209 583 266 quod,
627 224 726 254 cum
768 225 790 253 e
831 212 1027 268 prologo,
1071 226 1199 267 quem
1240 213 1294 256 de
1335 211 1469 256 Rhesi
1506 211 1680 255 fabulae
1722 213 1924 265 διατάξει
1965 213 2210 279 δραματικῇ
2250 224 2382 266 agens
2422 198 2715 254 Dicaearchus

328 293 436 348 ipsis
481 298 641 349 poetae
688 295 830 337 verbis
879 296 1061 338 servatis
1109 296 1316 354 (,,γρᾰφει
1363 296 1503 340 xasa*
1553 296 1761 350 ὶ.ἔξιν“)
1809 294 2036 346 attulerat,
2089 293 2469 337 transcribentium
2516 292 2717 337 socordia

330 390 443 419 unus
475 377 532 420 ad
564 383 716 420 nostra
747 382 944 434 tempora
978 392 1126 422 versus
1158 375 1414 433 pervenerit,
1448 376 1560 420 alter
1590 377 1795 433 prologus
1827 378 1882 421 ab
1915 377 2216 433 Aristophane,
2260 381 2308 420 ut
2339 376 2522 429 videtur,
2555 376 2715 420 allatus

331 460 522 514 meliore,
557 475 644 516 quo
676 461 1014 517 haudquaquam
1047 463 1199 517 dignus
1231 466 1338 512 erat,
1372 459 1463 502 sato
1496 474 1603 502 usus
1636 467 1714 504 est.

577 545 785 597 Vidimus,
827 559 913 588 non
955 559 1064 598 esse,
1107 558 1183 587 cur
1221 545 1265 586 in
1306 543 1531 597 Sophoclis
1573 549 1617 586 et
1649 544 1868 602 Euripidis
1907 544 2149 588 fabularum
2189 541 2501 598 hypothesibus
2541 547 2717 598 praeter

332 632 471 670 artem
517 634 746 684 poetarum
796 642 1026 684 rerumque
1074 629 1128 671 ab
1181 628 1234 670 iis
1279 627 1590 682 dispositarum
1639 628 1705 670 vel
1748 633 2012 672 mutatarum
2064 627 2274 670 rationem
2321 626 2418 669 aliis
2467 625 2599 668 rebus
2649 625 2715 669 in-

332 712 598 767 vestigandis
639 713 823 755 eundem
855 712 1167 755 Dicaearchum
1209 725 1385 765 operam
1428 711 1689 767 impendisse
1729 717 1993 764 statuamus3
2036 711 2105 754 cui
2137 708 2377 753 sententiae
2417 709 2492 764 qui
2524 709 2713 762 accedet,

332 794 447 837 idem
472 809 550 837 cur
578 810 664 838 non
688 795 989 850 Aristophane,
1026 796 1184 850 quippe
1214 796 1335 837 cuius
1368 796 1631 849 argumentis
1660 795 1795 837 multo
1824 795 1951 849 plura
1980 794 2315 845 continerentur,
2350 792 2426 835 sed
2448 792 2715 835 Dicaearcho

333 877 389 920 ad
422 893 459 920 v,
496 876 714 931 ιῖπόθεσις
751 879 985 929 notionem,
1031 893 1158 932 quam
1191 879 1329 933 primo
1361 878 1457 919 loco
1491 879 1649 932 posuit,
1691 877 1995 920 illustrandam
2029 878 2184 920 Sextus
2226 891 2330 919 usus
2373 876 2441 928 sit,
2481 875 2714 930 intelleget.

332 960 483 1016 Ipsum
516 967 663 1004 autem
691 962 1003 1004 Dicaearchum
1036 962 1262 1005 consilium
1296 976 1421 1004 suum
1453 976 1537 1004 non
1571 962 1815 1004 summatim
1849 961 1926 1004 sed
1957 960 2134 1015 integris
2166 961 2410 1004 dramatum
2442 959 2549 1002 locis
2582 974 2716 1015 appo·

334 1044 432 1087 sitis
475 1051 728 1088 exsecutum
777 1061 886 1098 esse,
929 1061 981 1088 ex
1019 1047 1170 1089 eodem
1214 1047 1346 1088 Rhesi
1387 1052 1640 1101 argumento
1683 1046 1899 1101 sequitur,
1941 1059 2080 1100 neque
2120 1046 2232 1087 enim
2273 1045 2437 1095 dubito,
2479 1044 2581 1099 quin
2622 1043 2714 1085 Val.

335 1128 450 1170 Rose
490 1129 619 1172 nimis
652 1130 844 1185 angustis
877 1130 1034 1172 finibus
1067 1130 1332 1185 hypotheses
1374 1130 1467 1172 eius
1511 1130 1907 1185 circumscripserit,
1951 1144 2046 1172 cum
2086 1128 2251 1171 initia
2290 1128 2534 1171 fabularum
2576 1126 2631 1169 ab
2665 1141 2715 1170 eo

335 1212 469 1255 fuisse
512 1213 648 1256 allata
685 1215 977 1256 contenderet.
1043 1213 1285 1255 Glaucus
1327 1220 1462 1266 certe,
1504 1215 1691 1268 Reginus
1732 1219 1779 1255 ut
1820 1214 2016 1255 conicere
2056 1213 2098 1254 in
2140 1218 2342 1268 promptu
2382 1217 2467 1263 est,
2508 1212 2550 1254 in
2591 1211 2714 1263 libro,

334 1309 463 1349 quem
494 1304 596 1352 Tre—Q?
624 1299 853 1353 Αἰσχιῖἱκη·
885 1297 1053 1352 μύθων
1085 1298 1257 1352 scripsit
1287 1323 1344 1328 —
1374 1313 1636 1353 quamquam
1667 1299 1720 1341 de
1749 1299 1918 1341 ratione
1948 1297 2053 1345 eius,
2086 1301 2298 1351 quatenus
2327 1310 2421 1338 cum
2451 1294 2715 1338 Dicaearcho

333 1379 594 1433 congruerit,
635 1377 722 1419 tion
762 1383 932 1419 constat
970 1405 1027 1410 -—
1070 1393 1120 1421 eo
1153 1395 1407 1435 progressus
1441 1387 1519 1433 est,
1562 1387 1609 1423 ut
1651 1382 1831 1423 aliorum
1874 1381 2002 1423 etiam
2045 1385 2281 1434 poetarum,
2323 1380 2439 1421 velut
2470 1378 2711 1433 Phrynichi,

331 1475 496 1514 versus,
532 1462 786 1516 quibuscum
818 1463 1086 1516 comparatio
1118 1463 1433 1516 institueretur,
1468 1470 1718 1519 apponeret.

577 1544 666 1586 Iam
717 1543 952 1599 optandum
1000 1551 1111 1595 erat,
1162 1553 1210 1587 ut
1257 1553 1376 1589 certa
1423 1547 1673 1589 Dicaearchi
1722 1547 1942 1590 doctrinae
1991 1553 2034 1589 et
2073 1546 2280 1589 acuminis
2329 1545 2509 1599 vestigia
2548 1550 2624 1586 aut
2670 1544 2714 1586 in

334 1627 560 1683 Sophoclis
582 1627 891 1683 Euripidisque
924 1626 1180 1680 fabularum,
1215 1631 1372 1686 quibus
1405 1646 1483 1674 nos
1517 1630 1687 1684 utimur,
1728 1631 1994 1685 argumentis
2027 1636 2101 1674 aut
2133 1630 2248 1686 apud
2279 1643 2422 1673 rerum
2455 1627 2714 1672 fabularium

335 1711 570 1767 scriptores
604 1710 1039 1766 deprehenderentur.
1106 1712 1226 1764 Quae
1261 1715 1329 1757 vix
1363 1716 1540 1758 adsunt:
1576 1729 1627 1757 ex
1659 1715 1844 1758 Aiacis
1877 1713 1990 1757 enim
2025 1713 2291 1768 Sophocleae
2324 1717 2576 1767 argumento
2611 1710 2716 1754 nihil

336 1793 451 1837 effici
512 1807 643 1849 posse
701 1807 830 1848 supra
875 1793 1206 1849 significavimus
1257 1799 1313 1852 (p.
1360 1800 1426 1853 8);
1483 1796 1699 1853 Euripidis
1747 1797 1962 1841 Medeae
2017 1795 2132 1850 quod
2187 1796 2314 1839 etiam
2367 1795 2411 1838 in
2460 1794 2717 1838 Kirchhoffli

334 1876 472 1921 altera
514 1876 705 1920 editione
746 1878 1032 1931 praemissum
1072 1885 1137 1922 est
1186 1883 1542 1940 Δικαιάρχοι·
1598 1882 1792 1925 codicum
1842 1881 2099 1924 auctoritate
2140 1895 2287 1923 carere
2336 1895 2449 1922 nunc
2499 1895 2521 1922 e
2560 1878 2717 1922 Prinzii

335 1961 525 2004 editione
572 1965 714 2015 patet;
772 1961 1075 2004 Alcestidis
1125 1970 1270 2005 autem
1320 1972 1640 2018 argumentum,
1697 1967 1894 2020 quamvis
1944 1966 2099 2007 nimius
2146 1966 2275 2007 fuerit
2322 1965 2414 2006 Val.
2458 1965 2569 2006 Rose
2620 1979 2716 2006 cum

334 2044 591 2087 Dicaearchi
637 2045 808 2086 nomine
857 2050 1058 2087 temere
1105 2046 1355 2100 inscriptum
1406 2063 1500 2090 esse
1549 2049 1793 2096 contendit,
1850 2055 2019 2090 tantum
2068 2050 2220 2090 abesse
2268 2049 2438 2089 videtur
2484 2053 2530 2089 ut
2576 2048 2718 2102 ipsum

333 2128 647 2170 Dicaearchum
703 2134 1024 2182 repraesentet,
1088 2136 1136 2171 ut
1192 2145 1217 2171 a
1265 2133 1545 2184 grammatico
1606 2133 1752 2186 aliquo
1810 2138 1954 2173 aetate
2011 2132 2209 2173 inferiore
2267 2132 2310 2172 in
2365 2131 2545 2172 formam
2600 2130 2718 2171 illam

334 2212 635 2253 brevissimam
668 2212 891 2254 redactum
935 2227 1028 2254 esse
1072 2215 1203 2254 dicas.
1271 2215 1432 2256 Tamen
1464 2218 1528 2256 vel
1569 2219 1640 2267 sic,
1686 2218 1889 2269 quoniam
1924 2216 2201 2264 didascalica,
2237 2229 2347 2267 quae
2380 2215 2423 2254 in
2458 2216 2594 2255 altero
2629 2215 2720 2254 eius

334 2292 508 2335 fabulae
555 2300 830 2348 argumento,
886 2295 942 2336 ad
983 2296 1316 2352 Aristophanem
1357 2299 1518 2346 relato,
1568 2299 1746 2349 adsunt,
1798 2313 1883 2339 non
1925 2297 2073 2349 habet,
2124 2311 2175 2339 ea
2220 2310 2330 2351 quae
2375 2296 2426 2338 de
2468 2296 2721 2338 Dicaearchi

335 2377 490 2431 agendi
536 2378 704 2420 ratione
761 2377 979 2421 effecimus
1041 2394 1091 2422 eo
1139 2380 1385 2424 fulciuntur.
1467 2384 1515 2425 ln
1562 2385 1827 2437 reliquarum
1878 2388 2021 2424 autem
2069 2381 2312 2423 fabularum
2360 2380 2624 2435 argumentis
2672 2386 2721 2422 ut

335 2459 628 2502 Dicaearchea
682 2461 819 2503 latere
873 2461 964 2503 veri
1016 2463 1153 2505 simile
1203 2469 1269 2506 est
1327 2492 1379 2495 —
1437 2467 1488 2507 de
1545 2466 1768 2520 Hippolyti
1821 2469 2070 2519 argumento
2124 2462 2517 2514 Schneidewin,
2566 2478 2606 2517 p.
2643 2466 2717 2504 ‘202

335 2544 582 2597 „enarratio
622 2545 862 2600 aryumenti
901 2544 1067 2587 uberior
1107 2561 1232 2599 quam
1266 2562 1347 2601 pro
1386 2550 1719 2604 .-l›·istopleane“;
1767 2549 1817 2591 cf.
1861 2550 2056 2600 eundem,
2097 2562 2136 2602 p.
2180 2550 2248 2597 24,
2299 2546 2352 2588 de
2395 2545 2718 2588 Andromaches

335 2627 587 2683 hypothesi3
622 2629 733 2670 adde
762 2629 883 2683 prius
906 2629 1071 2670 Orestis
1098 2638 1398 2681 argumentum
1421 2657 1490 2683 -,
1522 2633 1596 2681 ita,
1628 2647 1723 2674 cum
1754 2647 1779 2674 a
1809 2630 2097 2686 grammaticis
2128 2630 2196 2671 vel
2222 2630 2267 2671 in
2297 2630 2515 2685 epitomen
2541 2629 2720 2671 redacta

335 2711 403 2751 vel
436 2710 743 2752 additamentis
777 2717 905 2752 aucta
937 2725 1033 2752 esse
1067 2712 1307 2763 videantur,
1342 2720 1460 2754 certa
1491 2715 1659 2755 ratione
1693 2728 1719 2755 a
1751 2714 1906 2755 ceteris
1939 2713 2104 2755 secerni
2134 2725 2221 2754 non
2251 2716 2445 2766 possunt.

580 2793 666 2836 Sed
708 2796 893 2838 certiora
933 2799 977 2836 et
1014 2794 1213 2848 graviora
1253 2795 1379 2838 simul
1419 2811 1471 2838 ex
1511 2797 1563 2839 iis
1604 2811 1714 2852 quae
1757 2796 1976 2840 effecimus
2016 2796 2060 2838 in
2099 2796 2414 2838 litterarum
2460 2800 2504 2837 et
2543 2794 2718 2850 philo-

337 2878 560 2934 sophiae
592 2879 881 2923 historiam
914 2878 1170 2923 redundant.
1232 2880 1403 2923 Etenim
1437 2895 1532 2923 cum
1568 2882 1619 2924 de
1653 2882 1768 2924 curis
1802 2896 1828 2923 a
1858 2880 2168 2935 Peripateticis,
2204 2880 2278 2935 qui
2310 2884 2412 2935 post
2442 2879 2719 2922 Aristotelem

335 2961 532 3014 fuerunt,
581 2962 722 3017 poetis
766 2962 973 3005 scaenicis
1008 2962 1216 3017 impensis
1262 2964 1416 3019 exigua
1458 2964 1582 3007 nobis
1626 2965 1787 3008 tradita
1829 2964 1933 3015 sint,
1978 2963 2185 3019 pauciora
2226 2962 2282 3005 ad
2327 2976 2405 3005 nos
2446 2960 2721 3018 pervenerint

336 3043 579 3100 fragmenta
611 3058 748 3101 eaque
783 3046 834 3088 de
869 3046 1058 3089 externis
1091 3046 1347 3102 quibusdam
1383 3048 1514 3091 rebus
1548 3048 1718 3091 fabulas
1751 3062 1898 3092 eorum
1930 3045 2227 3101 spectantibus
2259 3045 2442 3102 agentia,
2475 3045 2560 3088 iam
2593 3043 2718 3087 nobis

337 3128 528 3183 contigit,
564 3134 612 3171 ut
645 3129 699 3171 de
732 3129 802 3172 via
833 3135 877 3172 et
915 3130 1081 3172 ratione
1113 3130 1305 3173 iudicare
1340 3131 1570 3185 possimuS,
1612 3147 1698 3186 qua
1732 3146 1842 3174 unus
1885 3145 1937 3172 ex
1974 3129 2027 3171 iis
2063 3142 2168 3171 usus
2202 3129 2307 3182 quid
2337 3133 2493 3183 poetae
2524 3127 2587 3169 illi
2619 3140 2720 3169 con-
