3054 3806
1763 0 1783 110 f

572 231 660 277 Sed
700 233 814 277 ultra
852 232 1216 290 progrediendum
1255 236 1340 286 est3
1381 231 1631 287 investigari
1671 231 1786 276 enim
1824 235 2030 288 possunt,
2078 230 2234 287 quibus
2273 235 2318 275 et
2356 229 2519 275 certius
2557 228 2706 286 paullo

329 315 384 360 de
435 315 694 362 Dicaearchi
743 316 844 361 libri
895 316 1079 362 consilio
1130 322 1176 361 et
1226 316 1279 360 de
1331 313 1557 360 sententiis
1610 313 1869 370 quibusdam
1923 314 1978 359 de
2030 328 2081 359 eo
2133 314 2314 371 prolatis
2364 312 2570 358 iudicium
2626 311 2707 358 tibi

328 401 586 468 conforme-s.
667 403 728 445 Ac
772 401 955 457 primum
1005 400 1180 456 quidem
1226 415 1312 444 non
1364 397 1578 455 probandi
1632 404 1751 450 sunt,
1808 397 1844 441 si
1892 402 1968 453 qui
2017 403 2192 454 praeter
2242 414 2337 452 eas,
2391 412 2500 455 quas
2545 397 2708 443 totiens

1386 96 1653 136 -8-

330 484 670 539 nominavimus,
719 483 941 541 Euripidis
989 473 1033 527 et
1081 483 1307 540 Sophoclis
1360 481 1617 538 Aeschyli
1663 496 1838 537 quoque
1885 483 1952 537 (ut
1995 482 2090 526 Iul.
2140 482 2379 536 Richter,
2436 482 2489 527 de
2537 483 2706 538 Aesch.,

331 569 479 626 Soph.‚
520 552 668 625 Eurip.
710 570 933 626 interpret.
979 569 1067 621 Gr.‚
1117 584 1158 624 p.
1194 571 1268 624 48)
1316 568 1384 611 vel
1422 567 1816 623 Aristophanis
1867 567 1977 612 adeo
2019 570 2074 623 (v.
2115 583 2156 624 p.
2191 570 2237 624 4)
2276 567 2519 612 fabularum
2570 567 2707 626 hypo-

330 655 478 698 theses
521 655 576 697 ab
619 668 670 696 eo
712 654 896 708 scriptas
933 654 1065 696 fuisse
1106 653 1433 695 contenderunt.
1497 652 1758 708 Aeschylum
1804 667 1892 695 non
1932 667 2097 705 moror,
2140 667 2403 708 quamquam
2443 668 2497 696 ne
2537 654 2710 698 tantilla

331 739 508 795 quidem
552 752 684 782 causa
724 737 861 788 adest,
905 751 993 787 cur,
1036 737 1072 779 si
1112 736 1243 779 modo
1282 736 1463 778 similem
1504 736 1543 778 ei
1583 749 1758 790 operam
1791 736 2081 779 Dicaearchus
2123 742 2369 790 navaverat,
2404 737 2582 781 Sextum
2613 752 2710 782 eam

331 823 580 878 neglexisse
628 822 832 865 dicamus.
915 820 1001 863 Sed
1049 819 1379 874 Aristophanem
1429 819 1570 875 excipi
1616 818 1763 871 iube03
1818 834 1917 862 nam
1966 834 2060 863 cum
2109 820 2363 864 Dicaearchi
2413 847 2471 853 —
2523 827 2573 865 ut
2624 823 2712 867 alia

332 905 548 960 quaedam
598 918 694 946 eum
743 903 964 946 addidisse
1011 917 1124 945 nunc
1180 902 1354 956 quidem
1408 902 1569 957 largiar
1615 928 1673 933 —
1721 902 1971 957 primarium
2028 908 2142 947 certe
2197 904 2421 948 consilium
2476 911 2607 957 esset,
2663 911 2712 949 ut

330 994 489 1045 poetae
536 1002 721 1043 quanam
762 988 929 1031 ratione
970 986 1140 1030 fabulas
1190 986 1430 1041 antiquitus
1478 985 1663 1029 traditas
1711 986 1766 1029 ad
1804 986 1912 1030 artis
1962 1002 2065 1031 suae
2105 995 2336 1045 praecepta
2384 989 2710 1046 disposuissent,

333 1074 512 1117 doceret
564 1071 841 1128 (hypotheses
884 1072 995 1114 enim
1046 1071 1220 1125 scripsit
1265 1072 1351 1116 τῶν
1387 1072 1636 1128 Εΰριπίὸον
1676 1079 1749 1114 καὶ
1790 1074 2067 1128 Σοφοκλέους
2102 1074 2342 1129 μύθων),
2390 1090 2475 1118 non
2522 1075 2713 1119 habebat

333 1156 530 1212 profecto
564 1168 641 1198 cur
681 1155 725 1197 in
764 1154 1064 1209 Aristophanis
1106 1152 1353 1204 comoediis,
1395 1151 1554 1206 quippe
1596 1165 1705 1205 quae
1744 1150 2024 1195 fundamento
2063 1154 2107 1196 in
2149 1158 2329 1201 vetustis
2369 1159 2527 1203 fabulis
2566 1159 2712 1215 posito

332 1240 571 1296 pleraeque
610 1244 806 1280 carerent
840 1237 911 1293 (cf.
945 1253 986 1293 p.
1023 1241 1061 1289 6,
1098 1242 1163 1292 5),
1207 1236 1385 1278 eandem
1428 1249 1603 1289 operam
1636 1234 1879 1277 collocaret.
1945 1236 2197 1281 Rectissime
2229 1240 2360 1296 igitur
2389 1242 2442 1296 ii,
2485 1243 2561 1298 qui
2601 1258 2712 1298 quae

333 1324 387 1366 de
432 1323 680 1364 Philetaero
723 1304 1024 1375 Aristophanis
1063 1321 1151 1362 filio
1194 1326 1237 1362 et
1278 1320 1330 1360 de
1371 1317 1502 1359 Ranis
1543 1317 1861 1372 Aristophanea
1896 1318 2053 1361 iterum
2093 1321 2135 1363 iu
2184 1337 2382 1367 scaenam
2425 1328 2653 1369 commissa
2690 1342 2713 1370 e

332 1404 601 1450 Dicaearcho
628 1398 883 1447 ‘afferuntur
922 1403 990 1454 (fr.
1035 1409 1104 1447 41.
1147 1407 1202 1446 42
1244 1402 1362 1458 apud
1402 1400 1650 1453 Miillerum,
1700 1400 1773 1456 qui
1812 1416 2038 1457 perperam
2086 1405 2140 1448 ad
2182 1410 2537 1453 commentarium
2577 1411 2709 1466 illum,

332 1505 462 1546 quem
510 1488 594 1532 sibi
641 1488 844 1538 finxerat,
896 1495 996 1545 71qu
1036 1487 1374 1545 Ἀριστοφάνους
1413 1484 1597 1539 retulit),
1647 1498 1669 1527 e
1708 1484 1820 1527 libro
1860 1494 1960 1543 περὶ
1999 1493 2298 1536 chora-mamb
2333 1492 2518 1548 οἷγοῖνων
2554 1497 2713 1552 repeti-

334 1580 502 1626 verunt,
537 1570 878 1616 Meinekeum
912 1571 1009 1613 dico
1043 1569 1160 1624 (hist.
1196 1584 1319 1622 com„
1354 1584 1394 1624 p.
1431 1571 1475 1622 8)
1508 1574 1552 1610 et
1583 1568 1879 1611 Nauckium
1913 1571 2002 1623 (Ar.
2038 1571 2134 1626 Byz.
2169 1572 2234 1624 fr.⁷
2268 1588 2308 1628 p.
2345 1579 2462 1630 ⁶254).

576 1654 654 1698 His
697 1659 839 1697 autem
881 1653 1039 1697 similia
1079 1679 1133 1684 —
1176 1657 1223 1695 ut
1262 1652 1348 1695 iam
1390 1667 1441 1696 eo
1474 1658 1759 1705 transeamus,
1800 1659 1849 1696 ut
1888 1668 2095 1708 quasnam
2129 1662 2303 1710 praeter
2333 1660 2411 1715 τήν
2442 1662 2713 1720 δραματικήν

334 1750 625 1798 περιπέτειαν
665 1755 697 1783 s.
743 1741 946 1792 ὁιιίταξη·
985 1752 1054 1781 res
1095 1737 1139 1780 in
1187 1737 1450 1792 argumentis
1491 1736 1780 1780 Dicaearchus
1826 1738 2079 1782 tractaverit
2116 1755 2377 1794 quaeramus
2420 1770 2472 1774 —
2517 1757 2612 1786 cum
2662 1745 2714 1789 de

334 1824 606 1879 Sophocle
639 1821 895 1866 Dicaearchi
925 1821 1096 1864 nomine
1130 1822 1332 1876 apposito
1366 1821 1600 1864 afferantur
1641 1824 1806 1875 (ternos
1848 1822 1902 1864 ab
1944 1838 1994 1865 eo
2033 1823 2170 1878 primo
2213 1831 2382 1868 actores
2429 1826 2471 1868 in
2514 1842 2714 1871 scaenam

333 1907 467 1950 fuisse
500 1909 755 1962 productos3
793 1906 1015 1960 Oedipode
1047 1907 1164 1959 Rege
1197 1906 1431 1948 commissa
1463 1906 1644 1948 Philocli
1676 1920 1771 1947 eum
1806 1907 2101 1957 succubuisse,
2137 1924 2172 1951 v.
2197 1910 2246 1951 fr.
2281 1913 2348 1951 37.
2385 1914 2438 1952 39
2472 1913 2624 1967 Muli),
2659 1929 2712 1956 ne

333 1990 442 2033 haec
475 1991 648 2046 quidem
682 1997 763 2042 est,
798 2003 875 2031 cur
906 1994 954 2030 ut
984 1988 1038 2029 ab
1069 1989 1198 2029 rebus
1232 1989 1316 2030 illis
1345 1989 1675 2043 Aristophanem
1707 1990 2003 2043 spectantibus
2037 1992 2300 2046 seiungenda
2322 1994 2551 2037 Certami
2563 1998 2714 2040 nibus

333 2075 438 2118 Bac
456 2075 625 2117 chicis
667 2075 888 2128 assignare
931 2072 1195 2123 dubitemus3
1236 2072 1533 2126 hypotheseon
1566 2080 1682 2114 certe
1721 2074 1830 2116 libro
1865 2079 1912 2115 ut
1952 2088 2047 2116 cum
2080 2075 2189 2117 Fuh
2204 2078 2281 2118 rio
2315 2080 2554 2122 tribuamus
2586 2095 2717 2124 causa

334 2174 420 2202 non
452 2160 589 2201 adest.
654 2159 764 2200 Nam
798 2158 914 2213 quod
947 2158 989 2197 in
1023 2163 1274 2210 argumento
1309 2156 1453 2197 Aiacis
1488 2156 1755 2211 Sophocleae
1800 2158 2002 2213 legimus:
2048 2167 2401 2218 Δικαίαρχος
2440 2167 2485 2207 δὲ
2520 2169 2717 2218 Αἴαντος

338 2244 542 2287 θάνατον
581 2243 817 2300 ³⁷²¹re⁶f<1³⁶t
851 2266 904 2271 —
937 2255 1046 2293 quae
1091 2245 1349 2293 sequuntur:
1395 2243 1444 2284 ἐν
1479 2241 1525 2285 δὲ
1564 2252 1660 2292 ταῖς
1698 2244 2003 2288 διδασκαλίαις
2043 2245 2182 2302 ψιλῶς
2221 2247 2342 2295 Αἴας
2381 2246 2716 2304 ἐπιγέγραπται,

336 2325 505 2366 cuinam
546 2324 788 2366 debeantur
823 2338 910 2366 non
951 2328 1119 2365 constat
1151 2348 1230 2375 —‚
1274 2324 1335 2365 ita
1376 2329 1672 2377 comparatum
1715 2338 1808 2365 esse
1849 2330 2051 2379 apparet,
2103 2330 2151 2366 ut
2193 2325 2325 2366 cuivis
2369 2332 2717 2380 argumentorum

336 2407 495 2462 generi,
529 2407 764 2450 dummodo
797 2406 949 2450 titulos
982 2407 1224 2448 dramatum
1257 2407 1300 2448 in
1333 2407 1384 2448 iis
1417 2406 1551 2448 fuisse
1586 2407 1740 2448 allatos
1774 2407 1999 2458 concedas,
2034 2407 2272 2450 conveniat.

580 2493 635 2533 At
669 2496 834 2532 tantum
868 2490 1004 2539 abest,
1040 2491 1162 2532 utin
1205 2491 1519 2545 hypothesibus
1559 2491 1647 2532 suis
1689 2491 1733 2531 in
1773 2491 1902 2532 rebus
1945 2496 2082 2532 artem
2123 2498 2348 2545 poetarum
2390 2493 2719 2549 fabularumque

338 2572 667 2629 dispositionem
702 2573 999 2629 spectantibus
1031 2573 1284 2615 enarrandis
1317 2574 1580 2628 acquieverit
1613 2574 1917 2625 Dicaearchus,
1952 2579 1998 2616 ut
2032 2581 2183 2617 contra
2214 2589 2267 2616 ne
2301 2591 2327 2617 a
2359 2577 2509 2620 critica
2546 2578 2720 2634 quidem

337 2656 579 2700 factitanda
624 2671 766 2711 neque
814 2671 840 2699 a
887 2657 1108 2699 codicibus
1157 2658 1438 2712 inspiciendis
1487 2658 1652 2700 alienus
1700 2663 1836 2710 esset3
1884 2659 1947 2700 ita
1994 2663 2041 2701 ut
2087 2674 2174 2701 non
2217 2660 2295 2708 sit,
2340 2674 2416 2703 cur
2457 2662 2722 2706 didascalica

338 2741 552 2795 quaedam
602 2740 763 2783 ibidem
810 2740 1040 2796 protulisse
1095 2755 1190 2783 eum
1241 2740 1396 2795 neges!
1478 2741 1566 2795 Ego
1620 2742 1792 2795 quidem
1839 2757 1923 2784 non
1971 2756 2103 2797 nego,
2166 2757 2219 2784 ex
2273 2751 2525 2799 argumento
2582 2747 2721 2789 Rheso

338 2822 512 2866 fabulae
555 2824 599 2866 in
634 2824 856 2867 codicibus
896 2824 1134 2879 praemisso
1168 2825 1229 2867 ita
1269 2824 1526 2867 concludere
1566 2839 1693 2880 posse
1732 2825 1796 2866 vel
1830 2825 1999 2877 debere,
2044 2826 2118 2879 qui
2157 2839 2252 2868 cum
2286 2827 2552 2874 Kirchhoffio
2593 2830 2723 2872 verba

336 2908 400 2951 ita
441 2908 723 2961 constituant,
766 2913 814 2951 ut
853 2908 1044 2961 omnia,
1094 2923 1205 2963 quae
1245 2914 1347 2964 post
1387 2908 1461 2951 illa
1501 2907 1523 2952 ὅ
1561 2911 1669 2963 γοῦν
1710 2916 1974 2967 ,Ιικαίαρχος
1996 2909 2021 2954 ¹)
2064 2912 2254 2964 ἐκτιθεὶς
2285 2912 2362 2968 τήν
2393 2910 2616 2958 ιῗπόϋεσιν
2645 2915 2724 2959 tos·

421 3084 446 3129 ¹)
487 3083 638 3128 Optime
674 3083 726 3118 ita
759 3082 1024 3119 Nauckium
1059 3083 1137 3127 (Ar.
1163 3083 1265 3128 Byz.,
1293 3095 1326 3128 p.
1354 3085 1442 3125 254)
1477 3095 1545 3128 pro
1581 3082 1777 3120 δικαίαν,
1815 3081 1915 3125 quod
1950 3082 2103 3118 codices
2138 3083 2335 3127 exhibent,
2377 3084 2595 3128 coniecisse,
2629 3096 2726 3119 nunc

485 3153 615 3178 omnes
643 3142 873 3187 concedunt;
908 3146 1054 3178 servato
1090 3144 1189 3178 enim
1224 3144 1359 3177 δικαίαν
1392 3144 1456 3179 illo
1488 3143 1551 3188 qui
1584 3143 1785 3189 γράφεται
1816 3153 1885 3186 pro
1918 3143 2050 3188 γράφει
2084 3143 2250 3178 scribere
2285 3144 2425 3188 mallet,
2457 3144 2551 3179 nihil
2577 3148 2724 3190 ageret3

484 3214 604 3247 neque
643 3204 742 3237 enim
780 3203 959 3249 γράφεται
984 3203 1076 3238 illud
1112 3203 1203 3249 (ἔχει
1235 3204 1399 3238 debebat
1434 3206 1549 3247 esse).
1589 3214 1709 3246 neque
1748 3203 1810 3247 τὴν
1844 3202 2011 3236 ὑπόθεσιν
2046 3207 2126 3238 τοῦ
2153 3201 2302 3250 Ῥήσου
2341 3205 2424 3249 (pro
2464 3205 2624 3249 simplici
2663 3205 2725 3250 τὴν

490 3263 671 3307 ὑπόθεσιν)
697 3261 789 3297 ferri
816 3267 978 3308 poterat.
