3054 3806
1309 88 1455 138 .-’5
1519 121 1576 128 .-

250 235 331 290 (de
362 235 614 279 Dicaearch.
657 234 836 290 eiusque
868 249 1001 290 oper„
1041 250 1083 290 p.
1119 239 1188 279 38.
1224 237 1312 289 39),
1354 235 1554 288 Naeke,
1587 251 1627 291 p.
1654 239 1740 278 324
1773 251 1881 291 sqq,
1922 236 2290 279 Westermann
2329 237 2385 279 ad
2418 235 2541 279 Voss.
2575 236 2629 278 de

256 318 419 363 Hister.
459 319 627 371 Graec„
667 333 708 374 p.
751 320 821 368 82,
854 321 926 370 49,
967 318 1120 361 merito
1162 318 1218 361 ab
1257 318 1472 362 Osanno
1513 318 1709 375 (Allgem.
1752 319 1982 362 Schulzeit.
2023 323 2147 373 1833,
2180 318 2235 369 ΙΙ,
2275 333 2316 375 p.
2345 320 2491 373 1106),
2530 323 2630 375 post

255 402 312 446 ab
344 402 455 456 aliis,
496 402 614 445 velut
645 401 864 456 Fuhrio‚
899 416 940 458 p.
966 406 1035 457 66,
1071 405 1140 456 53,
1173 402 1267 447 Iul.
1303 403 1566 447 Richtero
1607 403 1679 459 (de
1711 403 1880 457 Aesch.,
1915 403 2060 460 Soph.,
2099 403 2246 460 Eurip.
2278 404 2503 460 interpret.
2538 402 2628 457 Gr„

255 502 297 542 p.
332 490 428 542 47),
491 486 895 530 Schneidewino
949 486 1021 539 (de
1072 486 1349 542 hypothesesi
1401 492 1508 541 trag.
1563 486 1714 530 Graec.
1778 487 2061 542 Aristophani
2111 488 2289 542 Byzant.
2344 486 2627 539 vindicandis,

257 569 540 613 Commentat.
591 582 677 612 soc.
734 569 817 612 litt.
865 569 1054 624 Gotting.
1097 569 1167 622 VI,
1216 584 1257 624 p.
1294 570 1368 624 39)
1415 569 1603 625 explosi3
1660 584 1843 624 quorum
1891 584 1914 613 e
1967 584 2144 613 numero
2191 569 2286 624 ipse
2335 568 2630 612 Schneidewin

255 653 486 696 artissimis
539 652 699 695 finibus
753 657 1005 705 argumenta
1061 652 1137 694 illa
1197 652 1555 707 circumscripsit3
1617 652 1776 695 similia
1827 653 1938 694 enim
1991 653 2122 695 fuisse
2174 652 2399 695 contendit
2457 653 2517 706 (p.
2556 652 2628 706 13)

254 739 586 791 κεφαλαίοις
628 736 716 778 illis
763 735 1056 789 Euripidis,
1105 748 1216 789 quae
1264 735 1457 777 eiusdem
1497 735 1654 778 aetatis
1692 735 1995 790 philosophum
2045 735 2259 789 quendam
2302 734 2530 789 scripsisse
2575 748 2629 775 ex

255 817 498 874 Antiphane
539 823 720 861 constat.
2002 810 2004 813 ’

495 905 648 958 Neque
689 909 833 947 tamen
866 904 1181 959 desperandum
1230 908 1309 957 est,
1359 918 1504 947 verum
1549 919 1680 959 posse
1720 904 1920 955 inveniri,
1969 904 2200 946 dummodo
2248 903 2317 945 via
2363 917 2414 946 ac
2459 903 2627 946 ratione

253 986 515 1042 procedatur
545 1001 684 1042 neque
714 987 940 1030 verborum
973 988 1199 1041 quaedam,
1235 988 1390 1042 quibus
1421 988 1488 1031 his
1518 989 1785 1043 temporibus
1815 989 2095 1040 assuevimus,
2129 988 2329 1031 notiones
2362 1003 2441 1042 pro
2474 988 2627 1030 funda-

252 1071 407 1114 mentis
438 1070 692 1121 habeantur,
724 1070 769 1113 in
802 1070 957 1125 quibus
986 1076 1132 1114 cetera
1155 1086 1425 1127 quacumque
1456 1072 1623 1115 ratione
1655 1073 1742 1115 sint
1770 1071 2095 1115 inaedificanda.
2143 1071 2281 1114 Unum
2313 1078 2465 1115 contra
2495 1077 2625 1126 atque

253 1154 541 1197 certissimum
588 1154 912 1197 fundamentum
953 1155 1093 1197 verbis
1136 1155 1284 1198 Sexti
1328 1155 1582 1210 Empirici
1629 1156 1869 1209 gravissimi
1919 1155 2108 1198 auctoris
2156 1161 2200 1197 et
2247 1155 2528 1198 eruditissimi
2569 1155 2626 1198 ad

252 1239 456 1282 amussim
493 1238 714 1294 exigendis
747 1264 805 1270 —
839 1239 907 1281 cui
938 1239 998 1281 rei
1030 1254 1156 1282 nemo
1190 1239 1331 1282 adhuc
1362 1253 1538 1296 operam
1572 1240 1692 1283 dedit
1723 1266 1781 1272 —-
1812 1240 2052 1284 iaciendum
2088 1245 2165 1284 est.

493 1336 608 1377 Dicit
647 1340 790 1377 autem
831 1335 986 1377 Sextus
1029 1349 1092 1385 eo,
1139 1350 1224 1390 quo
1264 1336 1316 1377 de
1349 1337 1489 1377 tribus
1528 1336 1648 1378 verbi
1688 1334 1908 1388 ιῗπόθεσις
1947 1336 2191 1378 notionibus
2231 1335 2331 1389 agit,
2373 1334 2468 1378 loco
2509 1336 2620 1391 (adv.

250 1420 381 1462 math.
418 1420 493 1465 ΙΙΙ,
528 1423 575 1472 3;
611 1435 649 1474 p.
678 1423 761 1461 310
795 1420 859 1473 F.)
892 1443 950 1449 —
984 1419 1111 1472 (ligna
1143 1419 1254 1460 enim
1287 1424 1386 1462 sunt
1419 1420 1549 1462 verba
1581 1434 1691 1476 quae
1723 1420 1890 1475 integra
1922 1420 2214 1463 adscribamus
2250 1434 2330 1460 —:
2379 1421 2542 1472 τάξεως
2573 1422 2621 1466 δὲ

250 1507 380 1547 ἕνεκα
412 1507 692 1562 προληπτέον
737 1501 801 1546 ὅτι
839 1504 1071 1558 πολλαχῶς
1107 1508 1189 1557 μεν
1219 1510 1293 1545 καῖ
1325 1501 1468 1555 ἄλλως
1500 1501 1717 1554 ιῗπόῧεσις
1759 1504 2145 1561 προσαγορεύεται,
2183 1503 2237 1547 τοὶ
2280 1503 2360 1547 νῦν
2399 1503 2445 1545 δὲ
2479 1499 2621 1558 οἷπαρ-

249 1593 365 1628 κέσει
405 1586 558 1642 τριχῶς
595 1587 829 1638 λέγεσθαι,
873 1588 980 1628 καθ’
1021 1586 1101 1627 ι’·να
1142 1588 1223 1637 μὲν
1263 1583 1427 1640 τρόπον
1464 1581 1490 1639 ἦ
1532 1585 1854 1643 δραματικὴ
1898 1593 2262 1640 περιπέτεια,
2310 1587 2429 1627 καθ’
2467 1581 2492 1626 δ’
2527 1590 2620 1627 καὶ

249 1666 520 1724 τραγικήν
572 1674 665 1708 καῖ
728 1666 966 1721 κωμικήν
1018 1661 1303 1707 ιῖπόϋεσιν
1368 1665 1521 1708 εἶναι
1593 1669 1836 1720 λέγομεν
1906 1673 1999 1710 καὶ
2055 1665 2407 1720 Δικαιάρχου
2464 1664 2621 1715 τινοῖς

250 1745 568 1798 ιῗποθέσεις
605 1749 709 1790 τῶν
747 1744 1071 1800 Ιίιῗριπίδοιν
1116 1751 1208 1787 καὶ
1250 1747 1613 1800 Σοφοκλέους
1648 1745 1874 1800 μύθων,
1916 1744 2013 1789 οι’κ
2050 1744 2189 1789 ἄλλο
2227 1765 2276 1788 τι
2313 1745 2622 1796 καλοῦντες

250 1825 536 1871 ὖπόῧεσιν
567 1826 594 1885 ἢ
624 1827 717 1884 τήν
756 1828 851 1871 τοῦ
884 1825 1171 1884 δράματος
1209 1833 1602 1883 περιπέτειαν.
1652 1831 1758 1869 καθ’
1790 1829 1940 1884 ἕτερον
1973 1828 2018 1870 δὲ
2052 1826 2374 1884 σημαινόμενον
2405 1823 2621 1877 :induem

249 1908 621 1963 προσαγορεύεται
668 1910 717 1949 έν
764 1908 965 1969 ῥητορικῇ
1013 1904 1037 1960 ἧ
1076 1908 1162 1949 τῶν
1208 1907 1284 1949 ε’πῑ
1328 1915 1488 1962 μέρους
1541 1907 1723 1963 ζήτησις,
1775 1908 1896 1949 καθό
1943 1915 2015 1949 καῖ
2070 1911 2107 1948 οἶ
2162 1913 2361 1961 σοφισταὶ
2408 1904 2621 1956 πολλάκις

247 1988 463 2031 εἰώθασιν
495 1989 543 2030 έν
572 1998 669 2038 ταῖς
699 1989 948 2043 διατριβαῖς
979 1988 1124 2039 λέγειν
1157 1992 1318 2029 θετέον
1349 1983 1584 2030 ὖπόθεσιν.
1631 1984 1683 2031 οιῗ
1713 1989 1798 2043 μην
1829 1987 1946 2032 daza*
1986 1996 2058 2031 καὶ
2086 1988 2196 2031 κατα
2228 1995 2372 2043 τρίτην
2403 1986 2621 2040 ε’πιβολήν

250 2066 471 2113 {admont
501 2071 722 2124 καλοῦμεν
754 2067 893 2125 α’ρχὴν
925 2065 1216 2118 ιῖποδείξεων,
1257 2070 1431 2125 αἴτησιν
1464 2065 1602 2113 offoca·
1634 2070 1891 2129 πράγματος
1922 2075 1981 2122 εἰς
2011 2068 2281 2116 κατασκευήν
2310 2087 2436 2120 τινος.
2501 2065 2622 2117 Quae

248 2156 296 2193 ut
318 2151 433 2193 omni
455 2165 507 2192 ex
528 2155 650 2205 parte
673 2156 788 2192 recte
812 2149 1116 2203 percipiantur,
1141 2163 1392 2204 comparare
1415 2151 1534 2193 iuvat
1556 2165 1619 2201 ea,
1645 2165 1756 2205 quae
1780 2152 1926 2193 statim
1960 2155 2069 2206 (cap.
2092 2157 2137 2202 (ὃ,
2161 2166 2201 2206 p.
2224 2153 2328 2204 311)
2351 2150 2619 2194 collectionis

245 2235 341 2277 loco
390 2234 532 2277 addit:
582 2233 700 2279 οἷλλιέ
741 2236 825 2289 γάρ
876 2236 1154 2288 τοσαυταχῶς
1200 2242 1439 2290 νοουμένης
1488 2236 1540 2278 τά
1589 2237 1668 2278 νῧν
1708 2237 1780 2289 τῆς
1831 2233 2107 2285 ὖποῧέσεως,
2158 2234 2382 2290 πρόκειται
2435 2234 2488 2277 u?
2536 2235 2622 2277 νῦν

248 2320 390 2375 ζητεῖν
433 2321 484 2363 οῦ
529 2319 591 2372 μοὶ
635 2324 722 2361 Δία
770 2326 868 2372 περὶ
915 2318 986 2372 τῆς
1037 2316 1352 2372 δραματικῆς
1401 2316 1688 2367 διατάξεως
1740 2312 1842 2359 οιῗδὲ
1892 2324 1992 2371 περὶ
2041 2317 2110 2367 τῆς
2153 2316 2277 2371 παροέ
2318 2324 2408 2366 τοῖς
2446 2315 2621 2372 ῥήτορσι

247 2400 467 2456 ζητήσεως,
524 2397 642 2442 dmi
696 2406 796 2453 περὶ
848 2399 920 2451 τῆς
971 2398 1019 2439 έν
1071 2398 1184 2438 τέλει
1261 2399 1494 2451 λεχθείσης
1550 2394 1824 2446 ιῗποθέσεως,
1882 2394 1932 2450 ἣν
2003 2394 2141 2451 α’ρχὴν
2195 2393 2471 2446 ἀποδείξεως
2516 2411 2620 2450 συμ-

246 2484 440 2537 βέβηκεν
471 2479 604 2523 εἶναι.

486 2573 603 2615 Bene
625 2572 756 2626 igitur
779 2571 937 2613 factum
969 2575 1049 2618 est,
1084 2569 1212 2623 quod,
1246 2573 1294 2610 ut
1327 2583 1512 2622 quonam
1547 2583 1678 2610 sensu
1701 2570 1953 2612 Dicaearchi
1985 2567 2227 2619 ιῗποθέσεις
2256 2569 2343 2611 τῶν
2366 2566 2618 2623 Ειῗριπίὸου

245 2665 319 2701 καῖ
366 2660 641 2712 Σοφοκλέους
686 2655 849 2712 μύθων
897 2653 1052 2696 Sextus
1101 2651 1317 2706 acceperit
1362 2650 1650 2706 intellegatur,
1700 2654 1812 2696 duae
1859 2657 2032 2708 praesto
2080 2654 2178 2693 sunt
2223 2649 2618 2703 interpretationes,

246 2740 404 2794 quibus
453 2738 694 2782 coniunctis
741 2736 934 2780 nonnihil
982 2735 1159 2790 assequi
1205 2733 1434 2789 possimus.
1513 2734 1623 2778 Nam
1671 2738 1905 2780 secundum
1958 2751 2052 2779 eam
2105 2746 2235 2787 quam
2288 2742 2476 2787 utroque
2523 2733 2619 2775 loco

243 2823 448 2879 proponit
498 2821 539 2863 h.
590 2836 625 2864 V.
680 2822 920 2874 notionem,
977 2820 1157 2863 eundem
1205 2819 1363 2862 librum
1409 2818 1747 2864 Dicaearcheum
1794 2823 1879 2867 τῶν
1926 2817 2173 2875 Ειῖριπίδου
2220 2822 2296 2859 καὶ
2341 2817 2620 2871 Σοφοκλέους

242 2906 407 2963 μύθων
458 2905 524 2948 vel
570 2903 904 2965 δραματικιές
954 2909 1298 2960 περιπετείας
1348 2900 1413 2944 Vel
1469 2904 1795 2962 δραματικᾲς
1849 2898 2120 2951 διατάξεις
2170 2909 2325 2940 vocare
2383 2896 2423 2938 ei
2483 2895 2615 2940 licuit.

245 2987 412 3038 Quibus
445 2989 499 3030 de
532 2986 853 3030 definitionibus
886 2985 960 3038 qui
991 2988 1107 3026 recte
1138 2983 1331 3024 iudicare
1362 2984 1491 3034 volet,
1534 2984 1574 3025 ei
1605 2984 1660 3025 ab
1691 2998 1728 3024 v,
1761 2990 2018 3040 περιπέτεια
2049 2979 2240 3044 notione,
2280 2993 2368 3034 qua
2398 2979 2441 3020 in
2471 2978 2616 3021 libello

242 3080 343 3128 περὶ
393 3073 614 3129 ποιητικῆς
659 3068 915 3111 Aristoteles
962 3067 1117 3116 utitur,
1172 3052 1221 3108 ul:
1268 3066 1324 3108 sit
1377 3064 1401 3123 ἦ
1431 3072 1491 3118 εἰς
1540 3067 1587 3110 zo*
1642 3068 1843 3109 ἐναντίον
1892 3065 1978 3106 τῶν
2030 3071 2344 3120 πραττομένων
2393 3062 2617 3118 μεταβολή

242 3154 352 3206 (cap.
383 3156 457 3204 113
491 3167 533 3206 p.
562 3156 673 3194 1452
708 3171 736 3195 α
769 3154 856 3205 22),
900 3151 1206 3193 discedendum
1246 3154 1289 3192 et
1320 3149 1378 3192 ad
1409 3152 1610 3202 posterae
1643 3145 1799 3189 aetatis
1831 3145 2087 3197 scriptorum
2128 3158 2253 3186 usum
2286 3142 2615 3196 confugiendum
