3054 3806
1419 93 1687 133 -6-

358 233 430 271 est
449 228 489 274 ¹).
553 229 726 274 Etenim
759 244 855 274 cum
886 231 1005 286 apud
1045 232 1191 287 ipsum
1223 229 1516 282 Aristotelem,
1556 229 1603 272 id
1642 229 1761 284 quod
1796 229 1979 272 Ioann.
2014 229 2216 273 Vahlen
2256 229 2406 273 docuit
2436 228 2741 284 (Commentat.

359 313 494 356 Acad.
529 312 788 367 vindobon,
820 313 872 356 cl.
905 313 1005 357 hist.
1040 314 1158 369 phil„
1192 313 1283 364 LII,
1316 326 1357 368 p.
1382 314 1473 368 94),
1510 312 1618 356 locis
1651 311 1912 366 quibusdam
1945 326 2074 356 sensu
2105 311 2258 356 latiore
2288 312 2448 369 paullo,
2488 317 2538 355 ut
2568 312 2626 355 sit
2660 326 2743 356 res

359 402 579 453 praeter
611 397 834 441 omnium
867 397 1330 452 exspectationem
1366 394 1680 449 aceidens2),
1714 403 1925 445 occurrat,
1968 396 2133 451 posteri
2163 396 2221 440 ad
2254 410 2455 439 omnem
2484 410 2593 439 rem
2623 410 2742 452 gra-

359 479 555 523 viorem
596 480 665 523 vel
701 479 1022 523 inusitatam
1060 479 1371 534 designandam
1412 478 1642 530 adhibent,
1682 484 1732 521 ut
1771 478 2100 522 Nicandrum
2140 479 2357 535 quendam
2395 479 2554 522 librum
2587 485 2743 536 Περι-

361 572 585 617 πετείας
622 563 876 619 inscriptum
917 563 1107 606 edidisse
1139 562 1385 618 accepimus
1417 561 1536 616 (Ath.
1561 561 1677 614 XIII,
1711 577 1753 617 p.
1779 566 1864 605 606
1897 563 1973 617 Β);
2018 564 2143 618 quid,
2177 563 2295 619 quod
2331 578 2418 606 non
2450 563 2609 606 desunt
2644 562 2742 614 loci,

364 643 522 699 quibus
554 646 661 690 illud
693 647 845 703 ipsum,
880 652 1198 690 momentum
1230 646 1490 702 quoddam
1522 645 1656 689 fuisse
1689 647 1753 689 rei
1785 662 1896 702 quae
1930 657 2187 706 περιπίτεια
2210 648 2378 700 dicitur,
2412 662 2498 690 non
2520 651 2742 702 appareat,

363 728 442 770 sed
492 741 774 786 περιπετείας
812 745 908 773 cum
948 731 1056 773 dicis
1088 731 1202 773 idem
1236 730 1324 772 fere
1366 731 1423 772 sit
1463 736 1596 783 atque
1635 744 1718 773 res
1758 737 1937 785 gestas
1986 732 2022 773 si
2062 731 2180 774 dicas
2199 730 2239 776 ³).
2310 732 2377 774 An
2418 745 2514 773 cum
2553 729 2743 772 Strabo

364 811 414 865 (I,
448 826 489 866 p.
511 814 567 853 20
591 810 657 865 C.)
691 812 744 855 de
776 813 984 856 Homero:
1018 823 1115 866 ταῖς
1145 812 1403 871 α’ληθίσι,
1442 812 1594 867 inquit,
1630 823 1990 872 περιπετείαις
2027 820 2341 872 προσεπετίθει
2371 816 2537 870 μῦθον,
2568 811 2745 870 ἡδύνων

360 904 436 939 καὶ
478 897 651 949 κοσμῶν
689 898 767 953 τήν
803 899 977 955 φράσιν,
1015 897 1124 955 πρὸς
1171 898 1217 938 δὲ
1259 897 1308 938 τό
1352 895 1461 940 affro*
1503 900 1625 948 τέλος
1663 897 1742 939 τοῦ
1785 896 2003 952 ἶστορικοῧ
2040 902 2114 938 καῖ
2153 897 2231 940 τοῦ
2269 896 2333 940 τά
2365 893 2501 939 ὄντα
2543 897 2744 949 λέγοντος

360 980 560 1030 βλέπων,
599 990 724 1019 veras
766 988 1045 1035 περιπετείας
1084 982 1218 1033 (recte
1255 991 1376 1027 „vera
1408 981 1577 1019 ez·enta·‘
1626 983 1746 1018 vetus
1789 977 2021 1033 interpres)
2059 980 2156 1021 illas
2196 979 2315 1021 aliud
2357 977 2462 1031 quid
2503 975 2742 1030 significare

360 1059 500 1102 voluit
530 1065 662 1115 atque
695 1075 748 1104 ea
779 1075 889 1116 quae
921 1063 976 1107 τιὶ
1010 1061 1114 1108 ἔνια
1148 1062 1283 1105 dixit?

605 1156 689 1199 Sed
723 1160 966 1215 δραματικὴ
1000 1168 1256 1215 metuit-<za
1298 1172 1380 1199 non
1414 1164 1479 1199 est
1512 1159 1607 1212 ipsa
1647 1172 1715 1200 res
1750 1173 1775 1200 a
1808 1158 1890 1200 diis
1930 1158 1997 1201 vel
2029 1158 2232 1203 heroibus
2264 1165 2398 1216 gesta,
2443 1170 2553 1213 quae
2585 1155 2744 1199 fabulis

360 1246 590 1293 poetarum
634 1240 842 1282 scaenicis
895 1239 1120 1281 materiam
1177 1241 1488 1296 suppeditavit3
1536 1255 1676 1296 neque
1719 1242 1831 1282 enim
1873 1241 1984 1284 hanc
2023 1257 2058 1285 v.
2105 1241 2326 1295 ιῗπόθεσις
2366 1242 2598 1292 notionem,
2641 1253 2740 1295 qua,

361 1327 411 1365 ut
445 1338 577 1365 unum
609 1323 839 1365 multorum
871 1322 1011 1365 instar
1053 1325 1294 1379 exemplum
1328 1325 1518 1377 afferam,
1554 1325 1649 1368 Dio
1683 1324 1863 1380 Chrys.
1902 1324 1989 1378 LII,
2026 1341 2065 1381 p.
2092 1330 2175 1368 ‘26ss
2213 1328 2274 1379 R,
2320 1340 2423 1370 usus
2464 1330 2543 1376 est,
2585 1323 2740 1367 Sextus

359 1408 416 1448 ab
448 1421 501 1449 ea
532 1408 825 1457 disiunxisset,
871 1420 1001 1461 quam
1036 1408 1223 1449 secundo
1256 1409 1352 1450 loco
1386 1409 1543 1463 posuit,
1579 1414 1626 1449 ut
1658 1421 1747 1450 rem
1784 1408 2044 1461 significaret
2078 1409 2129 1451 de
2164 1424 2250 1463 qua
2280 1409 2324 1451 in
2366 1408 2567 1451 iudicio
2601 1406 2668 1448 vel
2697 1406 2740 1447 in

360 1489 873 1533 deliberationibus
916 1494 1118 1544 ageretur
1165 1491 1246 1545 (sic
1288 1490 1401 1534 enim
1442 1490 1738 1545 accipiendam
1781 1505 1875 1533 esse
1914 1492 1992 1547 τήν
2032 1494 2116 1536 τῶν
2155 1495 2229 1536 ἐπὶ
2268 1501 2429 1550 ,ιιίρονς
2467 1492 2636 1548 ζήτησιν
2676 1488 2741 1530 vel

363 1573 526 1625 Quint„
561 1574 656 1617 lnst
695 1588 755 1617 or.
790 1572 869 1625 ΙΙΙ,
906 1576 945 1625 5,
987 1573 1143 1628 docet).
1203 1573 1315 1624 Quid
1356 1575 1417 1616 rei
1458 1575 1513 1616 sit
1555 1589 1618 1625 ea,
1661 1589 1788 1628 quam
1831 1575 1969 1616 altero
2010 1575 2105 1616 loco
2148 1574 2390 1628 explicandi
2431 1588 2561 1615 causa
2602 1572 2740 1624 affert,
2798 1601 2800 1603 >

360 1659 629 1710 διατάξει
664 1658 931 1714 ὁραμαιικῆ,
981 1656 1219 1699 clarissima
1266 1658 1307 1699 in
1357 1659 1452 1701 luce
1500 1659 1662 1712 posuit:
1714 1673 1808 1699 esse
1850 1668 2220 1713 περιπέτειαν
2259 1658 2613 1714 δραματικήν
2651 1672 2742 1700 rem

360 1739 604 1794 antiquitus
636 1738 861 1789 traditam,
907 1741 1136 1792 qualem,
1172 1755 1268 1782 cum
1301 1743 1487 1796 plurima
1519 1743 1578 1783 ita
1611 1748 1821 1793 constent,
1856 1747 1902 1782 ut
1935 1741 1989 1782 ab
2022 1740 2074 1781 iis
2107 1739 2271 1781 discedi
2303 1754 2388 1781 non
2420 1741 2571 1795 possit,
2614 1746 2743 1796 poeta

361 1823 415 1865 de
460 1837 540 1864 suo
571 1822 744 1876 ingenio
783 1823 849 1862 vel
892 1836 1015 1863 suum
1058 1830 1230 1865 secutus
1272 1832 1492 1866 auctorem
1543 1825 1805 1878 disposuerit
1843 1824 2074 1865 mutaverit
2112 1823 2393 1873 exornaverit,
2435 1829 2481 1864 ut
2521 1825 2742 1867 scaenicae

357 1905 533 1948 fabulae
567 1918 772 1947 numeros
807 1903 1026 1958 expleret,
1050 1907 1129 1956 vel,
1166 1913 1212 1948 ut
1245 1923 1372 1960 quam
1408 1908 1662 1950 brevissime
1695 1907 2068 1962 comprehendam,
2110 1920 2215 1947 rem
2249 1905 2433 1960 qualis
2466 1907 2518 1947 in
2552 1920 2745 1951 scaena

360 1994 570 2044 agatur.

606 2072 729 2113 Hanc
776 2071 907 2124 igitur
954 2082 1233 2128 πιριπεῑειάς
1281 2089 1312 2116 S.
1365 2077 1603 2126 διατάξεως
1657 2074 1922 2130 δραματικῆς
1964 2074 2182 2115 notionem
2231 2086 2325 2114 cum
2367 2073 2407 2114 in
2451 2087 2487 2114 v.
2533 2072 2747 2128 15710'191-0‘14

356 2156 499 2198 inesse
519 2156 548 2198 ⁴)
583 2155 699 2196 dicat
733 2154 906 2205 Sextus,
950 2169 1035 2195 non
1071 2154 1208 2195 solum
1244 2170 1320 2198 cur
1352 2157 1406 2199 ab
1447 2163 1667 2199 oratorum
1711 2156 2020 2210 rhetorumque
2059 2153 2330 2200 257101956mw
2370 2171 2464 2198 eam
2499 2156 2745 2208 seiunxerit,

362 2239 440 2281 sed
465 2239 609 2290 etiam,
645 2237 763 2292 quod
790 2237 925 2279 multo
955 2237 1141 2291 gravius,
1177 2240 1328 2291 quales
1352 2240 1675 2282 Dicaearchi
1710 2240 1843 2281 fuisse
1879 2238 2117 2290 ιῗποϋίσεις
2150 2239 2466 2293 significaverit,
2502 2246 2685 2296 apparet
2703 2240 2744 2285 ⁵).

360 2322 485 2365 Unde
519 2322 591 2375 qui
621 2321 925 2376 proficiscetur
952 2335 1093 2373 neque
1124 2322 1165 2362 in
1199 2337 1345 2364 eorum
1377 2339 1490 2378 quae
1520 2338 1634 2366 nunc
1662 2325 1706 2365 in
1738 2323 1959 2366 codicibus
1989 2323 2190 2377 leguntur
2219 2329 2571 2378 argumentorum
2604 2326 2747 2380 specie

359 2406 569 2456 haerebit,
606 2405 644 2446 ei
677 2405 853 2445 dubium
887 2419 973 2445 non
1008 2405 1100 2455 erit,
1137 2405 1239 2457 quin
1276 2404 1595 2459 ι’(ποθίσεις
1634 2408 1732 2449 illae
1766 2409 1869 2449 τῶν
1905 2405 2229 2463 Εὕριπίὸοι1
2262 2414 2355 2450 καῖ
2387 2410 2747 2464 Σοφοκλέους

442 2622 468 2666 ¹)
509 2620 625 2664 Quem
651 2619 686 2654 h.
714 2631 746 2655 v.
775 2631 880 2654 usum
907 2630 981 2653 non
1007 2620 1172 2663 respexit
1198 2619 1230 2654 J.
1260 2619 1427 2661 Richter,
1456 2620 1476 2653 l.
1508 2632 1553 2660 c.,
1581 2632 1614 2663 p.
1634 2623 1691 2654 47.

437 2681 467 2726 ²)
505 2680 619 2715 Velut
634 2679 767 2715 Diod.
794 2678 857 2722 ΙΙΙ,
876 2680 922 2714 57
948 2679 1080 2713 verba:
1108 2679 1191 2718 τοὺς
1216 2676 1249 2713 ‹5‘
1279 2679 1405 2725 ὄχλους
1430 2680 1689 2721 θαυμάσαντας
1719 2680 1779 2725 τὴν
1808 2678 2029 2723 περιπέτειαν
2055 2682 2156 2711 recte
2184 2677 2297 2712 latine
2321 2691 2426 2713 versa
2445 2684 2546 2714 sunt:
2577 2681 2750 2724 „populus

504 2742 625 2774 autem
645 2738 909 2784 prodigium
934 2738 997 2773 hoc
1022 2738 1272 2774 admiratus..“

439 2802 467 2844 ³)
507 2800 559 2836 Ut
582 2799 742 2843 Polyb.
771 2799 818 2841 11,
845 2800 905 2841 56,
934 2801 977 2832 13
1004 2799 1050 2832 de
1077 2800 1256 2833 historia:
1284 2800 1349 2838 τὰς
1375 2800 1547 2839 πλείστας
1571 2801 1651 2845 ημῖν
1679 2798 1859 2843 ἐξηγεῖται
1884 2800 1953 2831 τῶν
1989 2801 2228 2842 περιπετειῶν,
2255 2798 2321 2844 οὐχ
2346 2798 2527 2838 ὑποτιθεὶς
2553 2799 2667 2834 αἰτίαν
2692 2800 2748 2834 καὶ

504 2859 633 2905 τρόπον
658 2862 733 2898 τοῖς
757 2860 984 2904 γιγνομένοις,
1011 2859 1071 2893 vel
1091 2860 1235 2894 Strab.
1255 2860 1283 2901 I,
1311 2873 1344 2904 p.
1371 2862 1431 2894 19:
1459 2860 1648 2900 πλάσματα
1674 2859 1836 2903 τοιαύτην
1854 2859 1929 2891 τινὰ
1954 2860 2260 2902 περιπέτειαν
2287 2859 2571 2904 ὑποσημαίνοντα
2588 2860 2748 2905 μυθώδη,

505 2917 550 2954 cf.
577 2918 625 2954 id.
655 2919 701 2962 II,
727 2930 762 2963 p.
785 2920 869 2953 100:
895 2918 951 2957 τίς
973 2918 1043 2964 γὰρ
1067 2919 1089 2964 ἡ
1114 2919 1307 2964 πιθανότης
1331 2922 1467 2964 πρῶτον
1493 2920 1558 2961 μὲν
1583 2923 1646 2964 τῆς
1671 2917 1759 2952 κατὰ
1784 2918 1844 2952 τὸν
1868 2914 1971 2952 Ἰνδὸν
1997 2918 2322 2962 περιπετείας;

439 2981 469 3023 ⁴)
509 2978 690 3013 Eiusdem
717 2976 947 3013 definitionis
974 2978 1172 3023 vestigium
1199 2977 1297 3023 apud
1323 2978 1612 3025 Hesychium
1639 2989 1671 3013 v.
1697 2979 1909 3024 περιπέτεια·
1939 2977 2186 3019 ὑπόθεσις,
2213 2978 2425 3021 σύμπτωσις,
2452 2979 2637 3024 σύμβασις.

439 3041 468 3085 ⁵)
506 3038 695 3085 Κωμικὴ
729 3040 844 3083 igitur
876 3043 914 3073 et
945 3040 1137 3085 τραγικὴ
1170 3039 1402 3079 ὑπόθεσις
1427 3040 1524 3084 apud
1560 3039 1713 3074 Sextum
1749 3050 1822 3072 non
1859 3041 1942 3072 sunt
1975 3048 2033 3071 res
2067 3039 2283 3073 comoediae
2318 3043 2383 3074 aut
2414 3039 2633 3085 tragoediae
2662 3051 2748 3074 con-

504 3100 720 3142 venientes,
760 3098 825 3134 sed
862 3099 1028 3134 fabula
1062 3100 1333 3143 antiquitus
1373 3100 1577 3141 tradita,
1617 3100 1716 3132 velut
1755 3098 1933 3142 plurimae
1973 3097 2060 3131 illae
2103 3109 2196 3142 quae
2236 3098 2281 3133 de
2322 3098 2482 3133 Hercule
2521 3099 2748 3141 ferebantur,

505 3159 759 3194 secundum
799 3165 862 3192 aut
902 3158 1180 3193 comoediae
1221 3164 1287 3193 aut
1324 3158 1611 3203 tragoediae
1652 3159 1784 3202 leges
1824 3155 2128 3191 conformata.
