3054 3806
1300 72 1566 133 -’7-

247 233 411 290 μύθου
425 253 450 279 ν
479 231 524 274 id
557 230 736 287 egerint,
772 235 821 273 ut
857 245 1045 287 quanam
1076 231 1244 274 ratione
1275 235 1458 286 uterque
1489 235 1621 285 poeta
1651 229 1822 272 fabulas
1861 230 2101 285 antiquitus
2128 230 2313 274 traditas
2342 222 2630 286 disposuisset

248 319 292 358 et
329 315 372 357 in
415 314 592 370 singulis
630 314 778 366 rebus,
828 329 936 368 quas
978 315 1045 357 vel
1086 315 1392 357 immutaverat
1429 313 1497 356 vel
1536 314 1772 357 exornandi
1812 328 1946 357 causa
1984 313 2234 366 addiderat,
2274 313 2630 368 pertraomissct

247 397 465 441 docerent.

490 482 574 524 Res
621 482 873 536 dignissima
922 482 1115 537 profecto
1165 480 1409 523 Aristotelis
1467 480 1690 535 discipulo.
1760 481 1869 523 Nam
1919 480 2116 535 quamvis
2161 481 2314 523 breves
2364 480 2630 535 singularum

246 566 491 609 fabularum
524 563 767 618 ιῗποθίσιις
799 580 896 613 eum
929 566 1183 621 exposuisse
1213 565 1434 606 existimes
1468 565 1749 618 (quamquam
1780 565 1908 607 aliter
1938 578 2068 619 posse
2098 565 2281 607 iudicari
2315 564 2465 607 statim
2495 578 2630 619 appa·

249 650 393 704 rebit),
418 649 564 692 studio
585 648 647 691 illi
675 649 718 690 in
736 648 893 692 fabulis
917 649 1127 692 scaenicis
1150 648 1378 703 diligenter
1400 647 1696 691 examinandis
1719 648 1970 691 collocando
1993 662 2122 703 quam
2143 648 2316 690 deditus
2339 648 2434 703 ipse
2456 647 2629 691 scholae

247 731 486 790 ἀρχηγέτης
524 730 674 781 fuerit,
718 731 785 773 vel
828 738 957 787 caput
997 733 1094 775 libri
1135 745 1263 786 quem
1305 731 1358 773 de
1397 736 1491 772 arte
1532 731 1705 785 poetica
1745 731 1938 774 condidit
1984 731 2213 785 septimum
2255 731 2468 774 decimum
2508 732 2628 774 lucu-

247 813 486 857 lentissime
518 814 801 858 demonstrat.
855 815 980 867 Quid,
1015 815 1131 870 quod
1154 814 1472 858 Heraclides
1504 814 1783 866 Ponticus,
1818 829 1946 869 quem
1972 828 2110 870 neque
2141 820 2243 871 post
2264 814 2425 871 Ungeri
2456 820 2628 858 acutam

248 896 587 953 disputationem
635 897 762 953 (Mus.
805 899 938 943 Rhen.
982 899 1217 952 XXXVIII,
1265 913 1306 954 p.
1332 901 1414 940 481
1467 899 1581 953 sqq.)
1633 897 1687 940 ab
1729 898 1974 942 Aristotelis
2021 898 2296 943 institutione
2336 898 2626 944 divellendum

249 996 343 1024 esse
384 981 469 1025 alio
500 983 596 1025 loco
639 982 817 1034 docebo,
863 983 1080 1025 simillima
1112 989 1243 1038 atque
1275 981 1564 1024 Dicaearchus
1596 983 1639 1023 in
1672 996 1719 1024 re
1753 996 1929 1037 operam
1962 983 2201 1034 collocavit3
2243 984 2480 1026 rectissime
2513 984 2627 1026 enim

246 1079 395 1109 versus
427 1066 747 1122 Antiphanis
779 1067 834 1110 ab
869 1067 1093 1110 Athenaeo
1128 1067 1216 1121 (IV,
1257 1082 1296 1122 p.
1329 1070 1409 1109 134
1433 1067 1486 1122 B)
1522 1067 1701 1109 servati:

1163 1149 1247 1206 ov‘x
1280 1148 1387 1208 ὅρᾷς
1419 1149 1691 1207 (ἶρχοῦμινον

876 1239 971 1281 ’ταῖς
1001 1239 1120 1289 χερσὶ
1151 1232 1226 1276 τὸν
1257 1231 1475 1290 βιὶκη).οι’,·
1511 1230 1604 1276 oa’d'
1634 1231 1892 1287 αἰσχύνεται

875 1312 899 1358 ὅ
932 1314 1007 1358 τόν
1035 1311 1315 1370 (Ηράκλειτον
1346 1314 1485 1357 πᾶσιν
1517 1312 1821 1369 ἐξηγούμενος,

877 1392 899 1437 ὖ
931 1395 1006 1448 τήν
1039 1396 1283 1437 Θεοόίκτου
1314 1393 1448 1446 μόνος
1479 1390 1727 1449 (ἵν-ευρηκοῖς
1757 1401 1928 1450 τέχνην,

878 1471 901 1517 o‘
933 1474 984 1517 τά
1017 1472 1238 1528 κεφάλαια
1270 1471 1535 1527 συγγράᾳων
1569 1469 1809 1531 Ειῗριπίόη,

248 1558 347 1607 post
389 1552 474 1595 Ad.
520 1552 1072 1609 Trendelenburgium
1125 1554 1181 1596 ad
1219 1552 1491 1596 Heraclidem
1517 1553 1541 1596 ¹)
1587 1567 1613 1594 a
1660 1528 1980 1605 Schneidewino
2031 1553 2276 1595 referuntur
2317 1553 2618 1607 (Commentat.

248 1651 333 1679 soc.
376 1637 458 1679 litt.
495 1637 700 1692 Gotting,
736 1639 804 1688 VI,
841 1655 880 1694 p.
910 1642 993 1693 13),
1038 1638 1110 1692 qui
1142 1644 1190 1679 ut
1230 1644 1345 1679 recte
1385 1636 1609 1692 perspexit
1645 1651 1723 1690 pro
1765 1635 2004 1705 E13917rt632‚
2044 1638 2159 1690 quod
2191 1637 2361 1679 codices
2404 1639 2618 1691 exhibent,

246 1721 474 1775 legendum
516 1734 614 1762 esse
658 1721 1005 1778 E1³917r(1501·,
1041 1721 1105 1763 ita
1144 1721 1258 1763 inter
1299 1720 1520 1774 qut'ma
1561 1718 1636 1761 illa
1669 1725 1712 1761 et
1752 1718 1993 1774 ιῗποῦίσεις
2032 1735 2057 1762 a
2090 1719 2221 1762 Sexto
2263 1728 2620 1765 commemoratas

246 1804 391 1857 paullo
424 1805 668 1845 accuratius
701 1804 970 1858 distinguere
1003 1805 1202 1846 debebat.

490 1887 587 1938 Sed,
621 1892 671 1928 ut
701 1887 756 1928 ad
790 1886 1165 1929 Dicaearchum
1198 1890 1389 1927 revertat
1420 1884 1672 1939 disputatio,
1707 1898 1802 1925 cum
1836 1885 2015 1926 accedat
2048 1887 2159 1940 quod
2194 1901 2339 1941 opera,
2381 1902 2507 1942 quam
2541 1889 2618 1931 So-

247 1970 411 2025 phoclis
452 1976 495 2012 et
530 1970 752 2025 Euripidis
795 1972 875 2012 arti
917 1971 1139 2013 scaenicae
1188 1984 1284 2012 eum
1332 1967 1595 2023 impendisse
1643 1967 1785 2008 verbis
1828 1967 2043 2010 Sextianis
2091 1969 2317 2023 diligenter
2361 1971 2618 2015 examinatis

244 2054 482 2106 effecimus,
521 2054 809 2096 Plutarchi
849 2056 952 2109 (non
992 2069 1119 2109 posse
1163 2068 1279 2095 suav.
1323 2052 1403 2093 viv.
1445 2066 1479 2093 c.
1520 2054 1584 2103 12,
1626 2065 1666 2105 p.
1714 2053 1825 2091 1095
1851 2052 1902 2105 A)
1944 2052 2209 2105 testimonio,
2253 2054 2475 2109 scripsisse
2515 2063 2618 2113 περὶ

240 2135 427 2194 Ὁμήρου
461 2144 534 2181 καὶ
567 2144 669 2195 περὶ
701 2136 1026 2193 Ειῗριπίὸου
1059 2137 1350 2187 Aristotelem,
1383 2133 1670 2185 Heraclidem,
1706 2133 2087 2176 Dicaearchum
2109 2135 2148 2187 ²),
2189 2136 2478 2190 confirmetur,
2511 2136 2620 2180 nihil

245 2232 400 2260 causae
443 2223 529 2270 est,
574 2232 650 2260 cur
692 2216 931 2272 ὑποθέσεις
972 2219 1073 2262 illae
1116 2235 1212 2263 cum
1251 2219 1522 2275 superiorum
1563 2223 1805 2272 temporum
1853 2218 2095 2261 hominibus
2141 2219 2282 2262 doctis
2330 2220 2385 2262 ad
2432 2220 2619 2264 alterum

244 2302 459 2356 quendam
515 2301 828 2343 Dicaearchum
877 2302 1120 2346 referantur
1167 2307 1220 2356 (r.
1265 2318 1348 2358 spr.
1391 2318 1430 2357 p.
1467 2304 1533 2353 4),
1583 2288 1650 2343 rel
1697 2303 1829 2353 ade0,
1878 2303 1922 2345 id
1969 2303 2083 2357 quod
2129 2303 2290 2346 Fuhrio
2337 2304 2379 2345 in
2428 2310 2618 2348 mentem

243 2391 421 2428 venerat
459 2387 516 2441 (p,
563 2388 630 2435 70,
676 2387 770 2439 59),
812 2398 889 2439 pro
931 2387 1201 2444 Δικαιάρχου
1252 2388 1380 2440 τιι-ιὶς
1430 2385 1548 2440 apud
1591 2384 1768 2426 Sextum
1809 2392 1860 2428 A.
1912 2387 2034 2438 τινός
2080 2384 2318 2439 θποθέσεις
2370 2389 2457 2432 τῶν
2504 2386 2616 2448 Ειῗρ.

244 2477 317 2511 καὶ
356 2475 465 2524 Eocs.
505 2470 667 2524 μύθων
704 2468 872 2522 legatur
890 2467 930 2511 3).

323 2622 347 2665 ¹)
385 2621 507 2656 Affert
538 2623 637 2656 inter
669 2623 849 2657 Heracliti
884 2623 1058 2669 ἐξηγητὰς
1094 2623 1405 2658 Heraclidem
1439 2624 1686 2658 Ponticum
1721 2624 1828 2668 Diog.
1861 2624 1901 2656 L.
1936 2623 1998 2666 IX,
2036 2624 2097 2666 155
2135 2623 2198 2667 qui
2238 2623 2461 2658 Heraclides
2482 2626 2530 2660 vsi
2569 2625 2616 2661 de

389 2682 616 2716 Theodectis
651 2683 691 2716 in
725 2686 807 2717 arte
841 2681 992 2726 poetica
1024 2684 1252 2727 praestantia
1286 2684 1375 2728 egit,
1401 2685 1461 2717 vel
1495 2684 1564 2718 hac
1599 2685 1637 2718 in
1670 2695 1711 2717 re
1737 2684 1980 2717 Aristotelem
2008 2686 2152 2716 secutus
2186 2686 2259 2726 est3
2301 2683 2467 2719 dubitari
2500 2685 2618 2730 igitur

388 2742 532 2785 nequit,
559 2742 650 2786 quin
675 2743 884 2777 rectissime
912 2743 1013 2778 idem
1039 2743 1228 2787 Diogenes
1256 2743 1314 2786 (V,
1339 2744 1401 2787 88)
1428 2747 1505 2777 tres
1532 2744 1647 2778 libros
1673 2743 1771 2788 περὶ
1796 2747 1881 2777 τῶν
1906 2740 2001 2787 παρ’
2030 2742 2250 2789 Εὐριπίδῃ
2284 2744 2357 2777 καὶ
2382 2743 2616 2789 Σοφοκλεῖ,

388 2812 481 2846 quos
516 2800 727 2847 significare
761 2801 994 2847 Antiphanes
1025 2802 1188 2847 videtur,
1224 2802 1346 2838 eidem
1381 2802 1568 2839 tribuerit.
1619 2802 1776 2838 Tantum
1809 2801 1844 2838 h.
1878 2802 1899 2837 l.
1937 2806 2067 2837 contra
2098 2800 2303 2847 Ungerum,
2337 2804 2400 2849 qui
2433 2804 2616 2841 Heracliti

387 2861 554 2907 ἐξήγησιν
582 2862 629 2896 ad
653 2862 853 2896 Ponticum
879 2862 1020 2906 retulit,
1047 2863 1163 2896 libros
1188 2863 1269 2908 περὶ
1293 2866 1363 2897 τῶν
1388 2860 1467 2908 παρ’
1495 2861 1575 2907 Eup.
1602 2862 1669 2896 κτλ.
1697 2862 1743 2896 ab
1771 2872 1815 2896 eo
1841 2861 2079 2905 abiudicavit,
2105 2860 2201 2896 dico.

320 2922 347 2964 ²)
386 2920 520 2956 Obiter
565 2933 721 2964 moneo,
756 2921 1026 2966 fragmentum,
1074 2922 1175 2966 quod
1211 2922 1311 2967 apud
1349 2922 1549 2957 Mfillerum
1586 2921 1642 2961 (fr.
1683 2921 1769 2956 hist.
1809 2921 1871 2956 Gr.
1912 2921 1959 2964 II,
1992 2933 2026 2964 p.
2053 2923 2138 2963 246)
2176 2921 2404 2957 Dicaearchi
2442 2927 2501 2957 est
2536 2923 2613 2969 XL,

387 2980 606 3016 Fuhrium
631 2982 705 3016 iam
731 2982 900 3017 docuisse
926 2982 973 3027 (p.
993 2984 1051 3025 69,
1078 2984 1138 3027 58)
1165 2983 1353 3018 incertum
1379 2994 1460 3018 esse
1487 2994 1507 3017 e
1533 2993 1694 3027 quonam
1721 2981 1820 3016 libro
1846 2981 2006 3016 fluxerit.

320 3039 348 3084 ³)
386 3040 611 3077 Rectissime
650 3041 753 3076 docti
790 3041 960 3076 homines
1006 3041 1165 3086 (Fuhr,
1188 3038 1238 3088 ‘p.
1273 3044 1333 3086 69,
1368 3044 1433 3086 59;
1484 3042 1669 3084 Mffller,
1709 3052 1742 3085 p.
1777 3042 1865 3085 247;
1910 3041 2147 3085 Welcker,
2193 3045 2289 3088 trag.
2324 3042 2386 3077 Gr.
2419 3043 2447 3087 1,
2484 3055 2517 3089 p.
2545 3045 2611 3087 943

388 3099 743 3145 Schneidewin,
778 3113 812 3146 p.
832 3102 895 3145 36)
932 3105 1152 3146 statuerunt,
1187 3102 1386 3147 „peculiare
1418 3090 1591 3146 quoddam
1619 3110 1732 3145 ¹qenus
1765 3100 1882 3135 doctae
1915 3100 2128 3144 scriptionis,
2164 3113 2273 3146 neque
2305 3100 2431 3146 ubiqwe
2463 3103 2609 3138 notum“

387 3171 410 3194 v
445 3161 542 3200 τινάς
567 3160 768 3206 designari.
