3054 3806
325 284 401 339 qui
430 266 738 342 aestimaverit,
771 298 903 340 quam
934 285 1118 329 maxime
1144 298 1320 341 operam
1351 285 1389 328 ei
1418 286 1481 329 rei
1511 283 1753 328 navandam
1782 298 1881 328 esse
1909 283 2127 337 fatebitur,
2159 290 2208 330 ut
2227 298 2526 341 quaecumque
2548 297 2572 328 e
2591 281 2714 328 libris

325 382 436 423 quos
478 368 907 413 commemoravimus
947 368 1095 411 adsint
1132 367 1375 422 fragmenta
1412 369 1608 425 quamvis
1640 368 1803 423 pusilla
1841 382 1938 412 cum
1977 369 2230 424 pulvisculo,
2269 373 2318 412 ut
2347 368 2411 412 ita
2441 367 2594 420 dicam,
2637 381 2712 410 ex-

324 451 546 506 cutiantur
587 456 632 495 et
672 466 769 496 cum
809 451 941 494 rebus
981 465 1091 506 quae
1133 451 1306 494 aliunde
1347 457 1547 496 constent
1588 465 1717 507 quam
1757 450 2084 507 diligentissime
2125 456 2441 508 comparentur,
2483 455 2533 494 ut
2569 458 2615 494 et.
2655 449 2710 494 de

324 534 456 579 rebus
497 535 741 580 litterarum
779 534 1008 579 historiam
1051 536 1346 590 spectantibus
1391 542 1435 578 et
1474 538 1527 579 de
1567 535 1817 580 condicione
1856 551 1968 590 quae
2015 537 2235 591 discipulis
2272 536 2358 579 illis
2398 550 2496 578 cum
2535 535 2710 578 scholae

324 618 521 674 principe
552 618 853 661 intercesserit
887 619 921 660 si
956 619 1058 672 quid
1089 619 1187 660 novi
1219 619 1469 673 investigari
1500 619 1640 675 possit
1670 619 1954 673 experiamur.

567 701 693 752 Quod
746 702 782 743 si
831 701 1231 751 Dicaearchum,
1283 703 1641 756 Peripateticum,
1690 708 1738 745 ut
1779 703 1998 746 Ciceronis
2046 707 2144 744 utar
2190 701 2352 753 verbis,
2407 716 2626 757 „maynum
2671 708 2712 742 et

323 786 556 840 copiosum“
594 784 692 838 (Off.
726 783 781 834 II,
817 788 855 834 ἴ),
895 786 980 837 16),
1022 783 1266 836 ιῖποθέσεις
1306 786 1428 837 τινάς
1457 787 1542 829 τῶν
1574 783 1822 843 Ειῗριπίὸου
1865 793 1939 829 καὶ
1970 788 2246 841 Σοφοκλέους
2281 785 2444 839 μύθων
2485 783 2707 838 Scripsisse

322 881 350 909 a
382 866 542 909 Sexto
575 867 839 922 Empirico
873 867 1120 921 accepimus
1142 866 1255 919 (adv.
1279 866 1418 908 math.>
1436 866 1510 917 111,
1538 869 1584 917 33
1618 880 1658 919 p.
1681 868 1766 907 310
1784 866 1863 919 Ε),
1897 879 2037 919 neque
2064 864 2220 907 desunt
2240 865 2284 907 in
2305 865 2528 921 utriusque
2550 871 2707 922 poetae

322 950 546 993 codicibus
588 951 746 1005 quibus
792 964 906 993 nunc
947 950 1109 991 utimur
1154 964 1293 1003 pauca
1332 950 1546 1004 quaedam
1594 954 1942 1003 argumentorum
1984 963 2131 991 eorum
2160 939 2371 1003 ‘vestigia,
2421 949 2579 1003 quibus
2621 949 2707 992 alia

322 1033 538 1088 quaedam
570 1033 858 1077 Dicaearchea
903 1038 952 1075 ut
985 1046 1037 1074 ex
1076 1033 1226 1074 eodem
1259 1034 1370 1076 libro
1411 1033 1571 1075 hausta
1609 1032 1726 1074 docti
1765 1032 1960 1074 homines
1999 1032 2300 1085 adiunxerunt‚
2344 1032 2541 1087 quaestio
2580 1034 2706 1077 nobis

322 1131 368 1159 se
416 1117 595 1168 obtulit,
651 1123 794 1160 utrum
845 1117 890 1159 in
936 1116 1078 1171 poetis
1133 1117 1341 1159 scaenicis
1393 1116 1631 1158 tractandis
1678 1129 1705 1157 a
1757 1116 1946 1158 doctoris
1999 1117 2069 1158 via
2120 1129 2171 1157 ac
2217 1116 2385 1159 ratione
2438 1116 2703 1171 acutissima,

320 1215 431 1255 quae
471 1202 725 1255 gravissima
765 1215 962 1255 quaeque
1003 1200 1364 1254 circumspiceret,
1409 1199 1464 1242 ad
1504 1205 1706 1253 posterae
1749 1199 1920 1250 aetatis,
1965 1199 2351 1241 Alexandrinorum
2390 1201 2501 1253 dico,
2545 1202 2704 1255 quibus

322 1289 547 1338 poetarum
582 1283 836 1336 vfrromang,
887 1285 1039 1340 quales
1077 1297 1191 1325 nunc
1230 1283 1274 1324 in
1323 1283 1544 1325 codicibus
1587 1284 1756 1334 adsunt,
1807 1282 1952 1324 deberi
2000 1288 2191 1335 constat,
2241 1283 2312 1326 ille
2356 1283 2597 1335 deflexerit,
2647 1299 2702 1327 an

320 1368 498 1411 alterius
547 1368 772 1411 cuiusdam
820 1367 1088 1414 ιῖποθίσεωι·
1136 1368 1326 1420 genens,
1385 1368 1502 1421 quod
1554 1367 1683 1421 quale
1739 1366 1869 1408 fuerit
1916 1367 2105 1408 nondum
2160 1368 2265 1410 satis
2313 1369 2582 1422 exploratum
2633 1371 2700 1421 sit,

320 1460 474 1495 auctor
505 1451 733 1518 exstiterit.

564 1536 703 1587 Quam
744 1536 1040 1590 quaestionem
1090 1550 1194 1590 prae
1237 1536 1331 1578 aliis
1373 1535 1644 1589 quibusdam,
1693 1549 1803 1590 quae
1851 1536 1903 1577 de
1936 1535 2320 1589 Peripateticorum
2354 1537 2509 1579 studiis
2549 1537 2616 1579 his
2656 1538 2701 1579 in

319 1619 449 1662 rebus
493 1619 716 1663 collocatis
756 1633 799 1662 se
839 1619 1037 1670 offerunt,
1090 1619 1259 1673 dignam
1301 1634 1396 1662 esse
1437 1634 1548 1673 quae
1590 1619 1784 1662 solvatur
1823 1618 1889 1661 vel
1929 1617 2029 1661 inde
2069 1618 2352 1673 intellegitur,
2394 1621 2507 1674 quod
2546 1622 2698 1663 mirum

319 1710 531 1758 quantum
580 1703 802 1746 hominum
850 1702 1074 1745 doctorum
1125 1703 1177 1745 de
1225 1703 1334 1745 libro
1377 1704 1631 1746 Dicaearchi
1672 1719 1698 1746 a
1732 1704 1864 1746 Sexto
1912 1702 2045 1744 allato
2083 1702 2224 1745 adhuc
2270 1702 2482 1746 fluctuant
2526 1705 2697 1748 iudicia.

318 1787 429 1830 Nam
454 1794 503 1830 ut
526 1801 599 1830 eos
620 1787 801 1838 mittam,
836 1787 871 1829 si
903 1787 973 1841 qui
1006 1802 1101 1829 cum
1126 1787 1381 1830 Reinesio
1405 1787 1648 1836 (Observat.
1679 1788 1723 1829 in
1748 1786 1888 1840 Suid.,;
1919 1786 1970 1828 cf.
1995 1784 2156 1836 Naeke,
2187 1800 2333 1840 opusc.
2357 1788 2389 1834 I,
2413 1802 2453 1842 p.
2480 1792 2584 1842 337)
2613 1804 2699 1832 non

319 1871 583 1913 Messenium
616 1869 940 1920 Dicaearchum,
982 1870 1056 1911 sed
1088 1870 1479 1912 Lacedaemonium
1521 1872 1641 1911 illum
1682 1870 2008 1925 grammaticum
2052 1869 2105 1911 ab
2148 1885 2233 1910 uno
2267 1870 2401 1912 Suida
2441 1885 2699 1914 commemo-

316 1962 472 2005 ratum,
508 1954 579 2008 qui
611 1968 666 1996 an
690 1968 924 2008 numquam
958 1954 1086 1996 fuen‘t
1107 1959 1223 1996 recte
1253 1954 1479 1996 dubitatur
1501 1956 1539 2007 ¹),
1574 1970 1600 1997 a
1633 1955 1763 1997 Sexto
1797 1952 1943 1995 afferri
1971 1953 2282 2004 existimavere,
2316 1968 2394 2007 pro
2426 1955 2553 1997 titulo
2585 1956 2696 2008 libri,

317 2051 444 2092 quem
478 2035 723 2088 ὖποθίσεις
752 2037 837 2080 τῶν
868 2035 1121 2092 Ειῗριπίὸου
1153 2044 1227 2079 καὶ
1260 2037 1537 2093 Σοφοκλέους
1567 2037 1768 2092 μύθων
1806 2036 1939 2078 fuisse
1973 2035 2127 2078 Sextus
2160 2036 2241 2088 ait,
2280 2036 2541 2092 hypotheses
2574 2039 2697 2081 dra-

314 2127 506 2164 matum
548 2131 697 2162 eorum
738 2122 963 2172 poetarum
1002 2116 1331 2160 venditaverunt
1374 2117 1616 2172 Jonsius,
1668 2119 1814 2175 script.
1857 2120 1955 2162 hist.
1999 2120 2100 2175 phil.
2135 2120 2175 2173 I,
2216 2124 2288 2171 16,
2332 2128 2375 2164 et
2416 2122 2701 2167 Fabricius

316 2207 378 2256 (in
412 2209 558 2249 annot.
592 2203 648 2246 ad
680 2203 821 2245 locum
856 2201 1125 2254 Senianum,
1160 2202 1211 2245 cf.
1248 2203 1295 2244 B.
1332 2203 1380 2245 G.
1415 2204 1474 2255 II,
1509 2220 1548 2258 p.
1577 2207 1660 2245 295
1694 2205 1858 2258 Harl.);
1892 2204 2140 2246 Maximil.
2176 2210 2319 2246 autem
2354 2206 2495 2247 Fuhr
2527 2208 2698 2261 (Dicae-

315 2289 434 2333 archi
456 2287 665 2331 Messenii
698 2299 810 2340 quae
843 2290 1088 2340 supersunt,
1112 2285 1300 2328 Damnst.
1331 2288 1475 2342 1841),
1511 2302 1770 2342 quamquam
1801 2289 1968 2331 cautior
1998 2288 2084 2329 illis
2117 2288 2160 2330 in
2194 2289 2365 2332 nomine
2393 2291 2696 2334 constituendo

314 2388 401 2416 non
435 2371 631 2428 peccavit
664 2372 722 2425 (p.
749 2373 818 2422 48,
854 2369 905 2410 cf.
934 2374 1078 2411 tamen
1110 2384 1150 2424 p.
1178 2373 1246 2422 70,
1273 2372 1359 2424 (50),
1395 2370 1661 2413 didascalica
1694 2370 1907 2424 quaedam
1942 2385 1963 2412 e
1989 2370 2252 2413 Dicaearcho
2285 2370 2341 2412 ad
2364 2371 2698 2427 Aristophanem

317 2463 361 2500 et
394 2454 652 2510 Sophoclem
687 2467 713 2495 a
745 2453 1035 2507 grammaticis
1068 2452 1203 2495 allata
1235 2468 1285 2494 ex
1318 2454 1471 2495 iisdem
1502 2453 1778 2509 hypothesesi
1808 2460 2004 2508 repetere
2034 2469 2117 2496 non
2148 2454 2373 2496 dubitavit.
2423 2454 2546 2507 Quid,
2582 2455 2698 2510 quod

314 2540 360 2582 C.
394 2540 441 2582 F.
474 2537 671 2581 Miiller
703 2536 763 2586 (in
797 2535 945 2590 fragm.
980 2535 1080 2578 hist.
1107 2536 1256 2579 Graec.
1292 2536 1344 2585 II,
1379 2551 1420 2591 p.
1447 2540 1544 2578 2:27.
1583 2539 1700 2591 247),
1735 2536 1803 2578 cui
1836 2537 1925 2578 sive
1957 2536 2221 2589 Welcker,
2257 2542 2361 2591 trag.
2389 2538 2460 2580 Gr.
2495 2539 2528 2589 I,
2553 2554 2593 2593 p.
2627 2543 2697 2593 94,

313 2625 403 2667 sive
436 2622 554 2664 Fuhr
586 2622 643 2675 (p.
670 2622 747 2670 483
785 2621 852 2671 66,
890 2620 963 2673 53)
995 2619 1107 2660 viam
1141 2620 1265 2674 quasi
1298 2625 1567 2662 monstrasse
1600 2620 1809 2667 videntur,
1848 2620 2006 2662 librum
2040 2621 2253 2675 quendam
2286 2622 2461 2664 maioris
2494 2623 2696 2677 ambitus,

314 2709 604 2756 ὼδασχαλίας
644 2703 711 2745 vel
751 2703 803 2744 cle
832 2701 1248 2755 poetas-clramatzsscis
1287 2703 1623 2755 inscribendum,
1670 2703 1895 2757 scripsisse
1938 2704 2247 2746 Dicaearchum
2288 2705 2483 2758 coniecit,
2527 2721 2612 2760 quo
2653 2712 2698 2750 et

312 2788 578 2844 hypotheses
618 2787 717 2829 illae
758 2792 802 2828 et
842 2785 1015 2827 libellus
1058 2785 1109 2826 de
1148 2786 1439 2842 Aristophane
1481 2788 1659 2840 eiusque
1699 2786 1854 2828 fabulis
1895 2800 2046 2841 agens,
2089 2802 2174 2841 quo
2217 2802 2315 2830 eum
2356 2788 2521 2841 ditavit,
2563 2791 2699 2833 conti-

311 2878 528 2915 nerentur.
581 2871 762 2913 Temere
794 2870 866 2911 ille
900 2868 1086 2921 quidem,
1121 2870 1208 2911 veri
1241 2875 1386 2913 tamen
1422 2870 1603 2912 similius
1640 2885 1770 2924 quam
1802 2870 1845 2922 ii,
1880 2870 1954 2924 qui
1976 2876 2228 2925 argumenta
2258 2872 2334 2914 illa
2363 2873 2407 2915 in
2438 2872 2538 2915 libri
2568 2881 2698 2933 περὶ

310 2957 598 3010 μουσικῶν
630 2953 860 3008 α’γώνων
893 2952 1035 3007 capite
1069 2953 1122 2994 de
1155 2953 1377 2997 Bacchicis
1410 2954 1718 2996 certaminibus
1757 2959 1910 3008 agente
1942 2954 2138 3006 infuisse,
2181 2968 2308 3009 quem
2341 2956 2498 2998 librum
2529 2962 2698 3012 partem

309 3037 443 3079 fuisse
467 3037 781 3079 constituerant
803 3036 1028 3078 clarissimi
1052 3037 1192 3089 operis
1219 3045 1323 3089 Βιός
1352 3038 1561 3089 Ἑλλάδος
1582 3039 1790 3091 inscripti,
1817 3038 1898 3078 sibi
1922 3044 2242 3090 persuaserant,
2269 3040 2387 3092 Aug.
2414 3039 2697 3081 Buttmann

391 3216 413 3256 Ι)
455 3213 507 3250 Cf.
537 3214 711 3257 Osann,
738 3213 855 3248 Beitr.
884 3225 915 3248 z,
942 3224 997 3258 gr.
1024 3226 1057 3248 u.
1086 3216 1176 3247 rom.
1207 3213 1295 3247 Litt.
1324 3213 1472 3256 Gesch.‚
1500 3213 1548 3257 ΙΙ,
1577 3226 1610 3258 p.
1634 3215 1714 3250 117.
